%YAML 1.1
%TAG !u! tag:unity3d.com,2011:
--- !u!1 &5158998865638086712
GameObject:
  m_ObjectHideFlags: 0
  m_CorrespondingSourceObject: {fileID: 0}
  m_PrefabInstance: {fileID: 0}
  m_PrefabAsset: {fileID: 0}
  serializedVersion: 6
  m_Component:
  - component: {fileID: 2026343095725424580}
  - component: {fileID: 7649868040967547790}
  m_Layer: 9
  m_Name: Point
  m_TagString: Untagged
  m_Icon: {fileID: 0}
  m_NavMeshLayer: 0
  m_StaticEditorFlags: 0
  m_IsActive: 1
--- !u!4 &2026343095725424580
Transform:
  m_ObjectHideFlags: 0
  m_CorrespondingSourceObject: {fileID: 0}
  m_PrefabInstance: {fileID: 0}
  m_PrefabAsset: {fileID: 0}
  m_GameObject: {fileID: 5158998865638086712}
  m_LocalRotation: {x: 0, y: 1, z: 0, w: 0}
  m_LocalPosition: {x: 0, y: 0, z: 0}
  m_LocalScale: {x: 1, y: 1, z: 1}
  m_Children: []
  m_Father: {fileID: 7671516895682587789}
  m_RootOrder: 1
  m_LocalEulerAnglesHint: {x: 0, y: 180, z: 0}
--- !u!114 &7649868040967547790
MonoBehaviour:
  m_ObjectHideFlags: 0
  m_CorrespondingSourceObject: {fileID: 0}
  m_PrefabInstance: {fileID: 0}
  m_PrefabAsset: {fileID: 0}
  m_GameObject: {fileID: 5158998865638086712}
  m_Enabled: 1
  m_EditorHideFlags: 0
  m_Script: {fileID: 11500000, guid: 298df71d7d1c94f47a9df2b26686031c, type: 3}
  m_Name: 
  m_EditorClassIdentifier: 
  type: 1
  connection: r
  allowedCategories: []
  disallowedCategories: []
  partPointGUI: {fileID: 0}
  activateOnDisconnect: []
  connectedTo: {fileID: 0}
  part: {fileID: 0}
--- !u!1 &5748808587793416857
GameObject:
  m_ObjectHideFlags: 0
  m_CorrespondingSourceObject: {fileID: 0}
  m_PrefabInstance: {fileID: 0}
  m_PrefabAsset: {fileID: 0}
  serializedVersion: 6
  m_Component:
  - component: {fileID: 8277290368323719695}
  - component: {fileID: 6589859084656984209}
  m_Layer: 9
  m_Name: Laura_Hlavova_Opierka
  m_TagString: Untagged
  m_Icon: {fileID: 0}
  m_NavMeshLayer: 0
  m_StaticEditorFlags: 0
  m_IsActive: 1
--- !u!4 &8277290368323719695
Transform:
  m_ObjectHideFlags: 0
  m_CorrespondingSourceObject: {fileID: 0}
  m_PrefabInstance: {fileID: 0}
  m_PrefabAsset: {fileID: 0}
  m_GameObject: {fileID: 5748808587793416857}
  m_LocalRotation: {x: 0, y: 1, z: 0, w: -0.00000004371139}
  m_LocalPosition: {x: 0, y: 0, z: 0}
  m_LocalScale: {x: 1, y: 1, z: 1}
  m_Children:
  - {fileID: 7671516895682587789}
  m_Father: {fileID: 0}
  m_RootOrder: 0
  m_LocalEulerAnglesHint: {x: 0, y: 0, z: 0}
--- !u!114 &6589859084656984209
MonoBehaviour:
  m_ObjectHideFlags: 0
  m_CorrespondingSourceObject: {fileID: 0}
  m_PrefabInstance: {fileID: 0}
  m_PrefabAsset: {fileID: 0}
  m_GameObject: {fileID: 5748808587793416857}
  m_Enabled: 1
  m_EditorHideFlags: 0
  m_Script: {fileID: 11500000, guid: de305606890b87e42a58c187eba6fe10, type: 3}
  m_Name: 
  m_EditorClassIdentifier: 
  partName: LO
  partNameCombinations: []
  partDescription: 
  partCategory: universal
  includeInDimensions: 1
  dimensions: {x: 0.20216739, y: 0.91737545, z: 0.46270883}
  image: {fileID: 21300000, guid: a1c2c655e4fc34b43aa3e959d8a21725, type: 3}
  type: 1
  partPoints:
  - {fileID: 7649868040967547790}
  canBeStandalone: 0
  sewingNames: []
  OnPartPointConnect:
    m_PersistentCalls:
      m_Calls: []
--- !u!64 &3716914176021315820
MeshCollider:
  m_ObjectHideFlags: 0
  m_CorrespondingSourceObject: {fileID: 0}
  m_PrefabInstance: {fileID: 0}
  m_PrefabAsset: {fileID: 0}
  m_GameObject: {fileID: 6642222450480750238}
  m_Material: {fileID: 0}
  m_IsTrigger: 0
  m_Enabled: 1
  serializedVersion: 3
  m_Convex: 0
  m_CookingOptions: 14
  m_Mesh: {fileID: 5398745652022082894, guid: 2b09d8643b6ca3e47a2ecbfa7c05d431, type: 3}
--- !u!114 &2999139245696918218
MonoBehaviour:
  m_ObjectHideFlags: 0
  m_CorrespondingSourceObject: {fileID: 0}
  m_PrefabInstance: {fileID: 0}
  m_PrefabAsset: {fileID: 0}
  m_GameObject: {fileID: 6642222450480750238}
  m_Enabled: 1
  m_EditorHideFlags: 0
  m_Script: {fileID: 11500000, guid: 816c52b73d7a1de4d8f07430f0420752, type: 3}
  m_Name: 
  m_EditorClassIdentifier: 
  partMeshType: main
  setMaterialIndex: -1
  setMaterialIndex2: -1
--- !u!1001 &3390092548516661143
PrefabInstance:
  m_ObjectHideFlags: 0
  serializedVersion: 2
  m_Modification:
    m_TransformParent: {fileID: 8277290368323719695}
    m_Modifications:
    - target: {fileID: -927199367670048503, guid: 2b09d8643b6ca3e47a2ecbfa7c05d431,
        type: 3}
      propertyPath: m_Name
      value: Laura_Hlavova_Opierka
      objectReference: {fileID: 0}
    - target: {fileID: -927199367670048503, guid: 2b09d8643b6ca3e47a2ecbfa7c05d431,
        type: 3}
      propertyPath: m_Layer
      value: 9
      objectReference: {fileID: 0}
    - target: {fileID: -5741214247522541693, guid: 2b09d8643b6ca3e47a2ecbfa7c05d431,
        type: 3}
      propertyPath: m_Layer
      value: 9
      objectReference: {fileID: 0}
    - target: {fileID: -4216859302048453862, guid: 2b09d8643b6ca3e47a2ecbfa7c05d431,
        type: 3}
      propertyPath: m_LocalPosition.x
      value: -0
      objectReference: {fileID: 0}
    - target: {fileID: -4216859302048453862, guid: 2b09d8643b6ca3e47a2ecbfa7c05d431,
        type: 3}
      propertyPath: m_LocalPosition.y
      value: 0.9208325
      objectReference: {fileID: 0}
    - target: {fileID: -4216859302048453862, guid: 2b09d8643b6ca3e47a2ecbfa7c05d431,
        type: 3}
      propertyPath: m_LocalPosition.z
      value: -0.37471947
      objectReference: {fileID: 0}
    - target: {fileID: -4216859302048453862, guid: 2b09d8643b6ca3e47a2ecbfa7c05d431,
        type: 3}
      propertyPath: m_LocalRotation.x
      value: 0
      objectReference: {fileID: 0}
    - target: {fileID: -4216859302048453862, guid: 2b09d8643b6ca3e47a2ecbfa7c05d431,
        type: 3}
      propertyPath: m_LocalRotation.y
      value: 0
      objectReference: {fileID: 0}
    - target: {fileID: -4216859302048453862, guid: 2b09d8643b6ca3e47a2ecbfa7c05d431,
        type: 3}
      propertyPath: m_LocalRotation.z
      value: 0
      objectReference: {fileID: 0}
    - target: {fileID: -4216859302048453862, guid: 2b09d8643b6ca3e47a2ecbfa7c05d431,
        type: 3}
      propertyPath: m_LocalRotation.w
      value: 1
      objectReference: {fileID: 0}
    - target: {fileID: -4216859302048453862, guid: 2b09d8643b6ca3e47a2ecbfa7c05d431,
        type: 3}
      propertyPath: m_RootOrder
      value: 0
      objectReference: {fileID: 0}
    - target: {fileID: -4216859302048453862, guid: 2b09d8643b6ca3e47a2ecbfa7c05d431,
        type: 3}
      propertyPath: m_LocalEulerAnglesHint.x
      value: 0
      objectReference: {fileID: 0}
    - target: {fileID: -4216859302048453862, guid: 2b09d8643b6ca3e47a2ecbfa7c05d431,
        type: 3}
      propertyPath: m_LocalEulerAnglesHint.y
      value: 0
      objectReference: {fileID: 0}
    - target: {fileID: -4216859302048453862, guid: 2b09d8643b6ca3e47a2ecbfa7c05d431,
        type: 3}
      propertyPath: m_LocalEulerAnglesHint.z
      value: 0
      objectReference: {fileID: 0}
    - target: {fileID: -1504981713932161579, guid: 2b09d8643b6ca3e47a2ecbfa7c05d431,
        type: 3}
      propertyPath: m_Materials.Array.data[0]
      value: 
      objectReference: {fileID: 2100000, guid: 2abd7b2298a510a4aa3c01245cd0c1ec, type: 2}
    - target: {fileID: -3925884791602028258, guid: 2b09d8643b6ca3e47a2ecbfa7c05d431,
        type: 3}
      propertyPath: m_Materials.Array.data[0]
      value: 
      objectReference: {fileID: 2100000, guid: 1c67c815f66d9d342a73b6552979ff21, type: 2}
    m_RemovedComponents: []
  m_SourcePrefab: {fileID: 100100000, guid: 2b09d8643b6ca3e47a2ecbfa7c05d431, type: 3}
--- !u!1 &6642222450480750238 stripped
GameObject:
  m_CorrespondingSourceObject: {fileID: -927199367670048503, guid: 2b09d8643b6ca3e47a2ecbfa7c05d431,
    type: 3}
  m_PrefabInstance: {fileID: 3390092548516661143}
  m_PrefabAsset: {fileID: 0}
--- !u!4 &7671516895682587789 stripped
Transform:
  m_CorrespondingSourceObject: {fileID: -4216859302048453862, guid: 2b09d8643b6ca3e47a2ecbfa7c05d431,
    type: 3}
  m_PrefabInstance: {fileID: 3390092548516661143}
  m_PrefabAsset: {fileID: 0}
