%YAML 1.1
%TAG !u! tag:unity3d.com,2011:
--- !u!114 &224322391651135887
MonoBehaviour:
  m_ObjectHideFlags: 0
  m_CorrespondingSourceObject: {fileID: 0}
  m_PrefabInstance: {fileID: 0}
  m_PrefabAsset: {fileID: 0}
  m_GameObject: {fileID: 2322331301875774763}
  m_Enabled: 1
  m_EditorHideFlags: 0
  m_Script: {fileID: 11500000, guid: 298df71d7d1c94f47a9df2b26686031c, type: 3}
  m_Name: 
  m_EditorClassIdentifier: 
  type: 0
  connection: l
  allowedCategories: []
  disallowedCategories: []
  partPointGUI: {fileID: 0}
  activateOnDisconnect: []
  connectedTo: {fileID: 0}
  part: {fileID: 0}
--- !u!1 &2458510151076019798
GameObject:
  m_ObjectHideFlags: 0
  m_CorrespondingSourceObject: {fileID: 0}
  m_PrefabInstance: {fileID: 0}
  m_PrefabAsset: {fileID: 0}
  serializedVersion: 6
  m_Component:
  - component: {fileID: 4941922018970045176}
  - component: {fileID: 4694097445988990973}
  m_Layer: 9
  m_Name: Laura_Podrucka
  m_TagString: Untagged
  m_Icon: {fileID: 0}
  m_NavMeshLayer: 0
  m_StaticEditorFlags: 0
  m_IsActive: 1
--- !u!4 &4941922018970045176
Transform:
  m_ObjectHideFlags: 0
  m_CorrespondingSourceObject: {fileID: 0}
  m_PrefabInstance: {fileID: 0}
  m_PrefabAsset: {fileID: 0}
  m_GameObject: {fileID: 2458510151076019798}
  m_LocalRotation: {x: 0, y: 1, z: 0, w: -0.00000004371139}
  m_LocalPosition: {x: 0, y: 0, z: 0}
  m_LocalScale: {x: 1, y: 1, z: 1}
  m_Children:
  - {fileID: 7402414149308528408}
  m_Father: {fileID: 0}
  m_RootOrder: 0
  m_LocalEulerAnglesHint: {x: 0, y: 0, z: 0}
--- !u!114 &4694097445988990973
MonoBehaviour:
  m_ObjectHideFlags: 0
  m_CorrespondingSourceObject: {fileID: 0}
  m_PrefabInstance: {fileID: 0}
  m_PrefabAsset: {fileID: 0}
  m_GameObject: {fileID: 2458510151076019798}
  m_Enabled: 1
  m_EditorHideFlags: 0
  m_Script: {fileID: 11500000, guid: de305606890b87e42a58c187eba6fe10, type: 3}
  m_Name: 
  m_EditorClassIdentifier: 
  partName: Podrucka
  partNameCombinations: []
  partDescription: 
  partCategory: arm
  includeInDimensions: 1
  dimensions: {x: 0.15, y: 0.63000005, z: 0.96000004}
  image: {fileID: 21300000, guid: 233feda588a0bb842a937ba7dd2fd645, type: 3}
  type: 0
  partPoints:
  - {fileID: 224322391651135887}
  - {fileID: 6820312192857797773}
  canBeStandalone: 0
  sewingNames: []
  OnPartPointConnect:
    m_PersistentCalls:
      m_Calls: []
--- !u!64 &1000013647567582322
MeshCollider:
  m_ObjectHideFlags: 0
  m_CorrespondingSourceObject: {fileID: 0}
  m_PrefabInstance: {fileID: 0}
  m_PrefabAsset: {fileID: 0}
  m_GameObject: {fileID: 5087837347910841500}
  m_Material: {fileID: 0}
  m_IsTrigger: 0
  m_Enabled: 1
  serializedVersion: 3
  m_Convex: 0
  m_CookingOptions: 14
  m_Mesh: {fileID: 609237847376149985, guid: 4843b40d508de0145837d064625af69d, type: 3}
--- !u!114 &2189228782533082608
MonoBehaviour:
  m_ObjectHideFlags: 0
  m_CorrespondingSourceObject: {fileID: 0}
  m_PrefabInstance: {fileID: 0}
  m_PrefabAsset: {fileID: 0}
  m_GameObject: {fileID: 5087837347910841500}
  m_Enabled: 1
  m_EditorHideFlags: 0
  m_Script: {fileID: 11500000, guid: 816c52b73d7a1de4d8f07430f0420752, type: 3}
  m_Name: 
  m_EditorClassIdentifier: 
  partMeshType: main
  setMaterialIndex: -1
  setMaterialIndex2: -1
--- !u!114 &2615428971716199253
MonoBehaviour:
  m_ObjectHideFlags: 0
  m_CorrespondingSourceObject: {fileID: 0}
  m_PrefabInstance: {fileID: 0}
  m_PrefabAsset: {fileID: 0}
  m_GameObject: {fileID: 7538420977087087125}
  m_Enabled: 1
  m_EditorHideFlags: 0
  m_Script: {fileID: 11500000, guid: 816c52b73d7a1de4d8f07430f0420752, type: 3}
  m_Name: 
  m_EditorClassIdentifier: 
  partMeshType: legs
  setMaterialIndex: -1
  setMaterialIndex2: -1
--- !u!114 &6820312192857797773
MonoBehaviour:
  m_ObjectHideFlags: 0
  m_CorrespondingSourceObject: {fileID: 0}
  m_PrefabInstance: {fileID: 0}
  m_PrefabAsset: {fileID: 0}
  m_GameObject: {fileID: 7904452722218025363}
  m_Enabled: 1
  m_EditorHideFlags: 0
  m_Script: {fileID: 11500000, guid: 298df71d7d1c94f47a9df2b26686031c, type: 3}
  m_Name: 
  m_EditorClassIdentifier: 
  type: 0
  connection: r
  allowedCategories: []
  disallowedCategories: []
  partPointGUI: {fileID: 0}
  activateOnDisconnect: []
  connectedTo: {fileID: 0}
  part: {fileID: 0}
--- !u!114 &3036392422792235035
MonoBehaviour:
  m_ObjectHideFlags: 0
  m_CorrespondingSourceObject: {fileID: 0}
  m_PrefabInstance: {fileID: 0}
  m_PrefabAsset: {fileID: 0}
  m_GameObject: {fileID: 8436060039553744600}
  m_Enabled: 1
  m_EditorHideFlags: 0
  m_Script: {fileID: 11500000, guid: 816c52b73d7a1de4d8f07430f0420752, type: 3}
  m_Name: 
  m_EditorClassIdentifier: 
  partMeshType: legs
  setMaterialIndex: -1
  setMaterialIndex2: -1
--- !u!1001 &2576090582653180930
PrefabInstance:
  m_ObjectHideFlags: 0
  serializedVersion: 2
  m_Modification:
    m_TransformParent: {fileID: 4941922018970045176}
    m_Modifications:
    - target: {fileID: -927199367670048503, guid: 4843b40d508de0145837d064625af69d,
        type: 3}
      propertyPath: m_Name
      value: Laura_Podrucka
      objectReference: {fileID: 0}
    - target: {fileID: -927199367670048503, guid: 4843b40d508de0145837d064625af69d,
        type: 3}
      propertyPath: m_Layer
      value: 9
      objectReference: {fileID: 0}
    - target: {fileID: -8936680153634379479, guid: 4843b40d508de0145837d064625af69d,
        type: 3}
      propertyPath: m_Layer
      value: 9
      objectReference: {fileID: 0}
    - target: {fileID: -3570688872823562863, guid: 4843b40d508de0145837d064625af69d,
        type: 3}
      propertyPath: m_Layer
      value: 9
      objectReference: {fileID: 0}
    - target: {fileID: -1919732316998637410, guid: 4843b40d508de0145837d064625af69d,
        type: 3}
      propertyPath: m_Layer
      value: 9
      objectReference: {fileID: 0}
    - target: {fileID: -4216859302048453862, guid: 4843b40d508de0145837d064625af69d,
        type: 3}
      propertyPath: m_LocalPosition.x
      value: 0
      objectReference: {fileID: 0}
    - target: {fileID: -4216859302048453862, guid: 4843b40d508de0145837d064625af69d,
        type: 3}
      propertyPath: m_LocalPosition.y
      value: 0
      objectReference: {fileID: 0}
    - target: {fileID: -4216859302048453862, guid: 4843b40d508de0145837d064625af69d,
        type: 3}
      propertyPath: m_LocalPosition.z
      value: 0
      objectReference: {fileID: 0}
    - target: {fileID: -4216859302048453862, guid: 4843b40d508de0145837d064625af69d,
        type: 3}
      propertyPath: m_LocalRotation.x
      value: 0
      objectReference: {fileID: 0}
    - target: {fileID: -4216859302048453862, guid: 4843b40d508de0145837d064625af69d,
        type: 3}
      propertyPath: m_LocalRotation.y
      value: 0
      objectReference: {fileID: 0}
    - target: {fileID: -4216859302048453862, guid: 4843b40d508de0145837d064625af69d,
        type: 3}
      propertyPath: m_LocalRotation.z
      value: 0
      objectReference: {fileID: 0}
    - target: {fileID: -4216859302048453862, guid: 4843b40d508de0145837d064625af69d,
        type: 3}
      propertyPath: m_LocalRotation.w
      value: 1
      objectReference: {fileID: 0}
    - target: {fileID: -4216859302048453862, guid: 4843b40d508de0145837d064625af69d,
        type: 3}
      propertyPath: m_RootOrder
      value: 0
      objectReference: {fileID: 0}
    - target: {fileID: -4216859302048453862, guid: 4843b40d508de0145837d064625af69d,
        type: 3}
      propertyPath: m_LocalEulerAnglesHint.x
      value: 0
      objectReference: {fileID: 0}
    - target: {fileID: -4216859302048453862, guid: 4843b40d508de0145837d064625af69d,
        type: 3}
      propertyPath: m_LocalEulerAnglesHint.y
      value: 0
      objectReference: {fileID: 0}
    - target: {fileID: -4216859302048453862, guid: 4843b40d508de0145837d064625af69d,
        type: 3}
      propertyPath: m_LocalEulerAnglesHint.z
      value: 0
      objectReference: {fileID: 0}
    - target: {fileID: -5924797214734877856, guid: 4843b40d508de0145837d064625af69d,
        type: 3}
      propertyPath: m_Materials.Array.data[0]
      value: 
      objectReference: {fileID: 2100000, guid: 2abd7b2298a510a4aa3c01245cd0c1ec, type: 2}
    - target: {fileID: -3792658379845624297, guid: 4843b40d508de0145837d064625af69d,
        type: 3}
      propertyPath: m_Layer
      value: 9
      objectReference: {fileID: 0}
    - target: {fileID: 6256339173002863322, guid: 4843b40d508de0145837d064625af69d,
        type: 3}
      propertyPath: m_Layer
      value: 9
      objectReference: {fileID: 0}
    - target: {fileID: 1583532934883659458, guid: 4843b40d508de0145837d064625af69d,
        type: 3}
      propertyPath: m_Materials.Array.data[0]
      value: 
      objectReference: {fileID: 2100000, guid: ef0a40ef0c4155445bab600761bd9a08, type: 2}
    - target: {fileID: -3223639784118313039, guid: 4843b40d508de0145837d064625af69d,
        type: 3}
      propertyPath: m_Materials.Array.data[0]
      value: 
      objectReference: {fileID: 2100000, guid: ef0a40ef0c4155445bab600761bd9a08, type: 2}
    m_RemovedComponents: []
  m_SourcePrefab: {fileID: 100100000, guid: 4843b40d508de0145837d064625af69d, type: 3}
--- !u!4 &7402414149308528408 stripped
Transform:
  m_CorrespondingSourceObject: {fileID: -4216859302048453862, guid: 4843b40d508de0145837d064625af69d,
    type: 3}
  m_PrefabInstance: {fileID: 2576090582653180930}
  m_PrefabAsset: {fileID: 0}
--- !u!1 &2322331301875774763 stripped
GameObject:
  m_CorrespondingSourceObject: {fileID: -8936680153634379479, guid: 4843b40d508de0145837d064625af69d,
    type: 3}
  m_PrefabInstance: {fileID: 2576090582653180930}
  m_PrefabAsset: {fileID: 0}
--- !u!1 &7904452722218025363 stripped
GameObject:
  m_CorrespondingSourceObject: {fileID: -3570688872823562863, guid: 4843b40d508de0145837d064625af69d,
    type: 3}
  m_PrefabInstance: {fileID: 2576090582653180930}
  m_PrefabAsset: {fileID: 0}
--- !u!1 &5087837347910841500 stripped
GameObject:
  m_CorrespondingSourceObject: {fileID: -1919732316998637410, guid: 4843b40d508de0145837d064625af69d,
    type: 3}
  m_PrefabInstance: {fileID: 2576090582653180930}
  m_PrefabAsset: {fileID: 0}
--- !u!1 &8436060039553744600 stripped
GameObject:
  m_CorrespondingSourceObject: {fileID: 6256339173002863322, guid: 4843b40d508de0145837d064625af69d,
    type: 3}
  m_PrefabInstance: {fileID: 2576090582653180930}
  m_PrefabAsset: {fileID: 0}
--- !u!1 &7538420977087087125 stripped
GameObject:
  m_CorrespondingSourceObject: {fileID: -3792658379845624297, guid: 4843b40d508de0145837d064625af69d,
    type: 3}
  m_PrefabInstance: {fileID: 2576090582653180930}
  m_PrefabAsset: {fileID: 0}
