%YAML 1.1
%TAG !u! tag:unity3d.com,2011:
--- !u!64 &7044866162699544985
MeshCollider:
  m_ObjectHideFlags: 0
  m_CorrespondingSourceObject: {fileID: 0}
  m_PrefabInstance: {fileID: 0}
  m_PrefabAsset: {fileID: 0}
  m_GameObject: {fileID: 200461185873254502}
  m_Material: {fileID: 0}
  m_IsTrigger: 0
  m_Enabled: 1
  serializedVersion: 3
  m_Convex: 0
  m_CookingOptions: 14
  m_Mesh: {fileID: 3088599116400203684, guid: 6efd73e43adbda34090a8e63f100c717, type: 3}
--- !u!114 &3131168989001417690
MonoBehaviour:
  m_ObjectHideFlags: 0
  m_CorrespondingSourceObject: {fileID: 0}
  m_PrefabInstance: {fileID: 0}
  m_PrefabAsset: {fileID: 0}
  m_GameObject: {fileID: 200461185873254502}
  m_Enabled: 1
  m_EditorHideFlags: 0
  m_Script: {fileID: 11500000, guid: 816c52b73d7a1de4d8f07430f0420752, type: 3}
  m_Name: 
  m_EditorClassIdentifier: 
  partMeshType: main
  setMaterialIndex: -1
  setMaterialIndex2: -1
--- !u!64 &2716240150003446729
MeshCollider:
  m_ObjectHideFlags: 0
  m_CorrespondingSourceObject: {fileID: 0}
  m_PrefabInstance: {fileID: 0}
  m_PrefabAsset: {fileID: 0}
  m_GameObject: {fileID: 556581721014223890}
  m_Material: {fileID: 0}
  m_IsTrigger: 0
  m_Enabled: 1
  serializedVersion: 3
  m_Convex: 0
  m_CookingOptions: 14
  m_Mesh: {fileID: -1121568649412200153, guid: 6efd73e43adbda34090a8e63f100c717, type: 3}
--- !u!114 &2352581060297720338
MonoBehaviour:
  m_ObjectHideFlags: 0
  m_CorrespondingSourceObject: {fileID: 0}
  m_PrefabInstance: {fileID: 0}
  m_PrefabAsset: {fileID: 0}
  m_GameObject: {fileID: 556581721014223890}
  m_Enabled: 1
  m_EditorHideFlags: 0
  m_Script: {fileID: 11500000, guid: 816c52b73d7a1de4d8f07430f0420752, type: 3}
  m_Name: 
  m_EditorClassIdentifier: 
  partMeshType: main2
  setMaterialIndex: -1
  setMaterialIndex2: -1
--- !u!1 &1073205070086938890
GameObject:
  m_ObjectHideFlags: 0
  m_CorrespondingSourceObject: {fileID: 0}
  m_PrefabInstance: {fileID: 0}
  m_PrefabAsset: {fileID: 0}
  serializedVersion: 6
  m_Component:
  - component: {fileID: 7144596401216922142}
  - component: {fileID: 1589579204639687783}
  m_Layer: 9
  m_Name: E2N
  m_TagString: Untagged
  m_Icon: {fileID: 0}
  m_NavMeshLayer: 0
  m_StaticEditorFlags: 0
  m_IsActive: 1
--- !u!4 &7144596401216922142
Transform:
  m_ObjectHideFlags: 0
  m_CorrespondingSourceObject: {fileID: 0}
  m_PrefabInstance: {fileID: 0}
  m_PrefabAsset: {fileID: 0}
  m_GameObject: {fileID: 1073205070086938890}
  m_LocalRotation: {x: 0, y: 1, z: 0, w: 0.00000028088027}
  m_LocalPosition: {x: 0, y: 0, z: 0}
  m_LocalScale: {x: 1, y: 1, z: 1}
  m_Children:
  - {fileID: 3733405643746548482}
  - {fileID: 3561455836519016128}
  m_Father: {fileID: 0}
  m_RootOrder: 0
  m_LocalEulerAnglesHint: {x: 0, y: 179.99998, z: 0}
--- !u!114 &1589579204639687783
MonoBehaviour:
  m_ObjectHideFlags: 0
  m_CorrespondingSourceObject: {fileID: 0}
  m_PrefabInstance: {fileID: 0}
  m_PrefabAsset: {fileID: 0}
  m_GameObject: {fileID: 1073205070086938890}
  m_Enabled: 1
  m_EditorHideFlags: 0
  m_Script: {fileID: 11500000, guid: de305606890b87e42a58c187eba6fe10, type: 3}
  m_Name: 
  m_EditorClassIdentifier: 
  partName: E2NBP
  partNameCombinations:
  - connectedToParts:
    - {fileID: 4822353172689703685, guid: a2b80bbed1467464ba62fff4f9177376, type: 3}
    partName: E2NL
  - connectedToParts:
    - {fileID: 4822353172689703685, guid: 6caca6d7a925f21449da9e938be06fd7, type: 3}
    partName: E2NP
  partDescription: 
  partCategory: universal
  includeInDimensions: 1
  dimensions: {x: 1.6424911, y: 0.9214192, z: 0.84047854}
  image: {fileID: 21300000, guid: b0fda96f4ff74d240b0cfaf0979f30c6, type: 3}
  type: 0
  partPoints:
  - {fileID: 878529088938277703}
  - {fileID: 6047846954541397093}
  - {fileID: 3582299537729176313}
  - {fileID: 5051079706096273116}
  canBeStandalone: 1
  sewingNames: []
  OnPartPointConnect:
    m_PersistentCalls:
      m_Calls: []
--- !u!114 &6047846954541397093
MonoBehaviour:
  m_ObjectHideFlags: 0
  m_CorrespondingSourceObject: {fileID: 0}
  m_PrefabInstance: {fileID: 0}
  m_PrefabAsset: {fileID: 0}
  m_GameObject: {fileID: 2573460510400721773}
  m_Enabled: 1
  m_EditorHideFlags: 0
  m_Script: {fileID: 11500000, guid: 298df71d7d1c94f47a9df2b26686031c, type: 3}
  m_Name: 
  m_EditorClassIdentifier: 
  type: 1
  connection: l
  allowedCategories: []
  disallowedCategories: []
  partPointGUI: {fileID: 0}
  activateOnDisconnect: []
  connectedTo: {fileID: 0}
  part: {fileID: 0}
--- !u!64 &2494926238911386478
MeshCollider:
  m_ObjectHideFlags: 0
  m_CorrespondingSourceObject: {fileID: 0}
  m_PrefabInstance: {fileID: 0}
  m_PrefabAsset: {fileID: 0}
  m_GameObject: {fileID: 3599879570591093318}
  m_Material: {fileID: 0}
  m_IsTrigger: 0
  m_Enabled: 1
  serializedVersion: 3
  m_Convex: 0
  m_CookingOptions: 14
  m_Mesh: {fileID: 3157717733070060401, guid: 6efd73e43adbda34090a8e63f100c717, type: 3}
--- !u!114 &3078385798483724434
MonoBehaviour:
  m_ObjectHideFlags: 0
  m_CorrespondingSourceObject: {fileID: 0}
  m_PrefabInstance: {fileID: 0}
  m_PrefabAsset: {fileID: 0}
  m_GameObject: {fileID: 3599879570591093318}
  m_Enabled: 1
  m_EditorHideFlags: 0
  m_Script: {fileID: 11500000, guid: 816c52b73d7a1de4d8f07430f0420752, type: 3}
  m_Name: 
  m_EditorClassIdentifier: 
  partMeshType: main
  setMaterialIndex: -1
  setMaterialIndex2: -1
--- !u!64 &894459126460083753
MeshCollider:
  m_ObjectHideFlags: 0
  m_CorrespondingSourceObject: {fileID: 0}
  m_PrefabInstance: {fileID: 0}
  m_PrefabAsset: {fileID: 0}
  m_GameObject: {fileID: 4595144113714888253}
  m_Material: {fileID: 0}
  m_IsTrigger: 0
  m_Enabled: 1
  serializedVersion: 3
  m_Convex: 0
  m_CookingOptions: 14
  m_Mesh: {fileID: -1260703350891561546, guid: 6efd73e43adbda34090a8e63f100c717, type: 3}
--- !u!114 &7047332855229080285
MonoBehaviour:
  m_ObjectHideFlags: 0
  m_CorrespondingSourceObject: {fileID: 0}
  m_PrefabInstance: {fileID: 0}
  m_PrefabAsset: {fileID: 0}
  m_GameObject: {fileID: 4595144113714888253}
  m_Enabled: 1
  m_EditorHideFlags: 0
  m_Script: {fileID: 11500000, guid: 816c52b73d7a1de4d8f07430f0420752, type: 3}
  m_Name: 
  m_EditorClassIdentifier: 
  partMeshType: main
  setMaterialIndex: -1
  setMaterialIndex2: -1
--- !u!114 &5051079706096273116
MonoBehaviour:
  m_ObjectHideFlags: 0
  m_CorrespondingSourceObject: {fileID: 0}
  m_PrefabInstance: {fileID: 0}
  m_PrefabAsset: {fileID: 0}
  m_GameObject: {fileID: 6599865584204694672}
  m_Enabled: 1
  m_EditorHideFlags: 0
  m_Script: {fileID: 11500000, guid: 298df71d7d1c94f47a9df2b26686031c, type: 3}
  m_Name: 
  m_EditorClassIdentifier: 
  type: 0
  connection: r
  allowedCategories: []
  disallowedCategories: []
  partPointGUI: {fileID: 0}
  activateOnDisconnect:
  - {fileID: 8848346540418474415}
  connectedTo: {fileID: 0}
  part: {fileID: 0}
--- !u!64 &1670244970026651995
MeshCollider:
  m_ObjectHideFlags: 0
  m_CorrespondingSourceObject: {fileID: 0}
  m_PrefabInstance: {fileID: 0}
  m_PrefabAsset: {fileID: 0}
  m_GameObject: {fileID: 7958089637154563471}
  m_Material: {fileID: 0}
  m_IsTrigger: 0
  m_Enabled: 1
  serializedVersion: 3
  m_Convex: 0
  m_CookingOptions: 14
  m_Mesh: {fileID: 3166385615988820951, guid: 6efd73e43adbda34090a8e63f100c717, type: 3}
--- !u!114 &9022709585504318460
MonoBehaviour:
  m_ObjectHideFlags: 0
  m_CorrespondingSourceObject: {fileID: 0}
  m_PrefabInstance: {fileID: 0}
  m_PrefabAsset: {fileID: 0}
  m_GameObject: {fileID: 7958089637154563471}
  m_Enabled: 1
  m_EditorHideFlags: 0
  m_Script: {fileID: 11500000, guid: 816c52b73d7a1de4d8f07430f0420752, type: 3}
  m_Name: 
  m_EditorClassIdentifier: 
  partMeshType: main
  setMaterialIndex: -1
  setMaterialIndex2: -1
--- !u!114 &1707584727703316156
MonoBehaviour:
  m_ObjectHideFlags: 0
  m_CorrespondingSourceObject: {fileID: 0}
  m_PrefabInstance: {fileID: 0}
  m_PrefabAsset: {fileID: 0}
  m_GameObject: {fileID: 8370167214197606027}
  m_Enabled: 1
  m_EditorHideFlags: 0
  m_Script: {fileID: 11500000, guid: 816c52b73d7a1de4d8f07430f0420752, type: 3}
  m_Name: 
  m_EditorClassIdentifier: 
  partMeshType: legs
  setMaterialIndex: -1
  setMaterialIndex2: -1
--- !u!114 &878529088938277703
MonoBehaviour:
  m_ObjectHideFlags: 0
  m_CorrespondingSourceObject: {fileID: 0}
  m_PrefabInstance: {fileID: 0}
  m_PrefabAsset: {fileID: 0}
  m_GameObject: {fileID: 8557570359543253360}
  m_Enabled: 1
  m_EditorHideFlags: 0
  m_Script: {fileID: 11500000, guid: 298df71d7d1c94f47a9df2b26686031c, type: 3}
  m_Name: 
  m_EditorClassIdentifier: 
  type: 1
  connection: l
  allowedCategories: []
  disallowedCategories: []
  partPointGUI: {fileID: 0}
  activateOnDisconnect: []
  connectedTo: {fileID: 0}
  part: {fileID: 0}
--- !u!114 &8972994443899971599
MonoBehaviour:
  m_ObjectHideFlags: 0
  m_CorrespondingSourceObject: {fileID: 0}
  m_PrefabInstance: {fileID: 0}
  m_PrefabAsset: {fileID: 0}
  m_GameObject: {fileID: 8848346540418474415}
  m_Enabled: 1
  m_EditorHideFlags: 0
  m_Script: {fileID: 11500000, guid: 816c52b73d7a1de4d8f07430f0420752, type: 3}
  m_Name: 
  m_EditorClassIdentifier: 
  partMeshType: legs
  setMaterialIndex: -1
  setMaterialIndex2: -1
--- !u!1 &9101774325435762381
GameObject:
  m_ObjectHideFlags: 0
  m_CorrespondingSourceObject: {fileID: 0}
  m_PrefabInstance: {fileID: 0}
  m_PrefabAsset: {fileID: 0}
  serializedVersion: 6
  m_Component:
  - component: {fileID: 3561455836519016128}
  - component: {fileID: 4847917017796107420}
  m_Layer: 9
  m_Name: Taburet
  m_TagString: Untagged
  m_Icon: {fileID: 0}
  m_NavMeshLayer: 0
  m_StaticEditorFlags: 0
  m_IsActive: 1
--- !u!4 &3561455836519016128
Transform:
  m_ObjectHideFlags: 0
  m_CorrespondingSourceObject: {fileID: 0}
  m_PrefabInstance: {fileID: 0}
  m_PrefabAsset: {fileID: 0}
  m_GameObject: {fileID: 9101774325435762381}
  m_LocalRotation: {x: 0.000000021855694, y: 0.00000028088027, z: -6.138833e-15, w: 1}
  m_LocalPosition: {x: 0, y: 0, z: 1.5}
  m_LocalScale: {x: 1, y: 1, z: 1}
  m_Children: []
  m_Father: {fileID: 7144596401216922142}
  m_RootOrder: 1
  m_LocalEulerAnglesHint: {x: 0, y: 0, z: 0}
--- !u!114 &4847917017796107420
MonoBehaviour:
  m_ObjectHideFlags: 0
  m_CorrespondingSourceObject: {fileID: 0}
  m_PrefabInstance: {fileID: 0}
  m_PrefabAsset: {fileID: 0}
  m_GameObject: {fileID: 9101774325435762381}
  m_Enabled: 1
  m_EditorHideFlags: 0
  m_Script: {fileID: 11500000, guid: 298df71d7d1c94f47a9df2b26686031c, type: 3}
  m_Name: 
  m_EditorClassIdentifier: 
  type: 2
  connection: l
  allowedCategories: []
  disallowedCategories: []
  partPointGUI: {fileID: 0}
  activateOnDisconnect: []
  connectedTo: {fileID: 0}
  part: {fileID: 0}
--- !u!114 &3582299537729176313
MonoBehaviour:
  m_ObjectHideFlags: 0
  m_CorrespondingSourceObject: {fileID: 0}
  m_PrefabInstance: {fileID: 0}
  m_PrefabAsset: {fileID: 0}
  m_GameObject: {fileID: 9204824858109019023}
  m_Enabled: 1
  m_EditorHideFlags: 0
  m_Script: {fileID: 11500000, guid: 298df71d7d1c94f47a9df2b26686031c, type: 3}
  m_Name: 
  m_EditorClassIdentifier: 
  type: 0
  connection: l
  allowedCategories: []
  disallowedCategories: []
  partPointGUI: {fileID: 0}
  activateOnDisconnect:
  - {fileID: 8370167214197606027}
  connectedTo: {fileID: 0}
  part: {fileID: 0}
--- !u!1001 &8553756714726993944
PrefabInstance:
  m_ObjectHideFlags: 0
  serializedVersion: 2
  m_Modification:
    m_TransformParent: {fileID: 7144596401216922142}
    m_Modifications:
    - target: {fileID: -927199367670048503, guid: 6efd73e43adbda34090a8e63f100c717,
        type: 3}
      propertyPath: m_Name
      value: E2
      objectReference: {fileID: 0}
    - target: {fileID: -927199367670048503, guid: 6efd73e43adbda34090a8e63f100c717,
        type: 3}
      propertyPath: m_Layer
      value: 9
      objectReference: {fileID: 0}
    - target: {fileID: -8571732065816661097, guid: 6efd73e43adbda34090a8e63f100c717,
        type: 3}
      propertyPath: m_Layer
      value: 9
      objectReference: {fileID: 0}
    - target: {fileID: -5971101654534916984, guid: 6efd73e43adbda34090a8e63f100c717,
        type: 3}
      propertyPath: m_Layer
      value: 9
      objectReference: {fileID: 0}
    - target: {fileID: -9189713171104466584, guid: 6efd73e43adbda34090a8e63f100c717,
        type: 3}
      propertyPath: m_Layer
      value: 9
      objectReference: {fileID: 0}
    - target: {fileID: -3097411277899431051, guid: 6efd73e43adbda34090a8e63f100c717,
        type: 3}
      propertyPath: m_Layer
      value: 9
      objectReference: {fileID: 0}
    - target: {fileID: 532089147709361669, guid: 6efd73e43adbda34090a8e63f100c717,
        type: 3}
      propertyPath: m_Layer
      value: 9
      objectReference: {fileID: 0}
    - target: {fileID: -4216859302048453862, guid: 6efd73e43adbda34090a8e63f100c717,
        type: 3}
      propertyPath: m_LocalPosition.x
      value: 0
      objectReference: {fileID: 0}
    - target: {fileID: -4216859302048453862, guid: 6efd73e43adbda34090a8e63f100c717,
        type: 3}
      propertyPath: m_LocalPosition.y
      value: 0
      objectReference: {fileID: 0}
    - target: {fileID: -4216859302048453862, guid: 6efd73e43adbda34090a8e63f100c717,
        type: 3}
      propertyPath: m_LocalPosition.z
      value: 0
      objectReference: {fileID: 0}
    - target: {fileID: -4216859302048453862, guid: 6efd73e43adbda34090a8e63f100c717,
        type: 3}
      propertyPath: m_LocalRotation.x
      value: 0
      objectReference: {fileID: 0}
    - target: {fileID: -4216859302048453862, guid: 6efd73e43adbda34090a8e63f100c717,
        type: 3}
      propertyPath: m_LocalRotation.y
      value: 0
      objectReference: {fileID: 0}
    - target: {fileID: -4216859302048453862, guid: 6efd73e43adbda34090a8e63f100c717,
        type: 3}
      propertyPath: m_LocalRotation.z
      value: 0
      objectReference: {fileID: 0}
    - target: {fileID: -4216859302048453862, guid: 6efd73e43adbda34090a8e63f100c717,
        type: 3}
      propertyPath: m_LocalRotation.w
      value: 1
      objectReference: {fileID: 0}
    - target: {fileID: -4216859302048453862, guid: 6efd73e43adbda34090a8e63f100c717,
        type: 3}
      propertyPath: m_RootOrder
      value: 0
      objectReference: {fileID: 0}
    - target: {fileID: -4216859302048453862, guid: 6efd73e43adbda34090a8e63f100c717,
        type: 3}
      propertyPath: m_LocalEulerAnglesHint.x
      value: 0
      objectReference: {fileID: 0}
    - target: {fileID: -4216859302048453862, guid: 6efd73e43adbda34090a8e63f100c717,
        type: 3}
      propertyPath: m_LocalEulerAnglesHint.y
      value: 0
      objectReference: {fileID: 0}
    - target: {fileID: -4216859302048453862, guid: 6efd73e43adbda34090a8e63f100c717,
        type: 3}
      propertyPath: m_LocalEulerAnglesHint.z
      value: 0
      objectReference: {fileID: 0}
    - target: {fileID: 3556536150724075750, guid: 6efd73e43adbda34090a8e63f100c717,
        type: 3}
      propertyPath: m_IsActive
      value: 0
      objectReference: {fileID: 0}
    - target: {fileID: -9034851068278425965, guid: 6efd73e43adbda34090a8e63f100c717,
        type: 3}
      propertyPath: m_Layer
      value: 9
      objectReference: {fileID: 0}
    - target: {fileID: -4089168350474755490, guid: 6efd73e43adbda34090a8e63f100c717,
        type: 3}
      propertyPath: m_Layer
      value: 9
      objectReference: {fileID: 0}
    - target: {fileID: 8146004890383905802, guid: 6efd73e43adbda34090a8e63f100c717,
        type: 3}
      propertyPath: m_Layer
      value: 9
      objectReference: {fileID: 0}
    - target: {fileID: -9211545438152505307, guid: 6efd73e43adbda34090a8e63f100c717,
        type: 3}
      propertyPath: m_IsActive
      value: 0
      objectReference: {fileID: 0}
    - target: {fileID: -3931581657389609435, guid: 6efd73e43adbda34090a8e63f100c717,
        type: 3}
      propertyPath: m_Layer
      value: 9
      objectReference: {fileID: 0}
    - target: {fileID: 1785074951627904407, guid: 6efd73e43adbda34090a8e63f100c717,
        type: 3}
      propertyPath: m_Layer
      value: 9
      objectReference: {fileID: 0}
    - target: {fileID: -829469324060088194, guid: 6efd73e43adbda34090a8e63f100c717,
        type: 3}
      propertyPath: m_Layer
      value: 9
      objectReference: {fileID: 0}
    - target: {fileID: -8323030181055229513, guid: 6efd73e43adbda34090a8e63f100c717,
        type: 3}
      propertyPath: m_Layer
      value: 9
      objectReference: {fileID: 0}
    m_RemovedComponents: []
  m_SourcePrefab: {fileID: 100100000, guid: 6efd73e43adbda34090a8e63f100c717, type: 3}
--- !u!4 &3733405643746548482 stripped
Transform:
  m_CorrespondingSourceObject: {fileID: -4216859302048453862, guid: 6efd73e43adbda34090a8e63f100c717,
    type: 3}
  m_PrefabInstance: {fileID: 8553756714726993944}
  m_PrefabAsset: {fileID: 0}
--- !u!1 &9204824858109019023 stripped
GameObject:
  m_CorrespondingSourceObject: {fileID: -8571732065816661097, guid: 6efd73e43adbda34090a8e63f100c717,
    type: 3}
  m_PrefabInstance: {fileID: 8553756714726993944}
  m_PrefabAsset: {fileID: 0}
--- !u!1 &6599865584204694672 stripped
GameObject:
  m_CorrespondingSourceObject: {fileID: -5971101654534916984, guid: 6efd73e43adbda34090a8e63f100c717,
    type: 3}
  m_PrefabInstance: {fileID: 8553756714726993944}
  m_PrefabAsset: {fileID: 0}
--- !u!1 &8557570359543253360 stripped
GameObject:
  m_CorrespondingSourceObject: {fileID: -9189713171104466584, guid: 6efd73e43adbda34090a8e63f100c717,
    type: 3}
  m_PrefabInstance: {fileID: 8553756714726993944}
  m_PrefabAsset: {fileID: 0}
--- !u!1 &3599879570591093318 stripped
GameObject:
  m_CorrespondingSourceObject: {fileID: -4089168350474755490, guid: 6efd73e43adbda34090a8e63f100c717,
    type: 3}
  m_PrefabInstance: {fileID: 8553756714726993944}
  m_PrefabAsset: {fileID: 0}
--- !u!1 &4595144113714888253 stripped
GameObject:
  m_CorrespondingSourceObject: {fileID: -3931581657389609435, guid: 6efd73e43adbda34090a8e63f100c717,
    type: 3}
  m_PrefabInstance: {fileID: 8553756714726993944}
  m_PrefabAsset: {fileID: 0}
--- !u!1 &556581721014223890 stripped
GameObject:
  m_CorrespondingSourceObject: {fileID: 8146004890383905802, guid: 6efd73e43adbda34090a8e63f100c717,
    type: 3}
  m_PrefabInstance: {fileID: 8553756714726993944}
  m_PrefabAsset: {fileID: 0}
--- !u!1 &7958089637154563471 stripped
GameObject:
  m_CorrespondingSourceObject: {fileID: 1785074951627904407, guid: 6efd73e43adbda34090a8e63f100c717,
    type: 3}
  m_PrefabInstance: {fileID: 8553756714726993944}
  m_PrefabAsset: {fileID: 0}
--- !u!1 &200461185873254502 stripped
GameObject:
  m_CorrespondingSourceObject: {fileID: -829469324060088194, guid: 6efd73e43adbda34090a8e63f100c717,
    type: 3}
  m_PrefabInstance: {fileID: 8553756714726993944}
  m_PrefabAsset: {fileID: 0}
--- !u!1 &2573460510400721773 stripped
GameObject:
  m_CorrespondingSourceObject: {fileID: -3097411277899431051, guid: 6efd73e43adbda34090a8e63f100c717,
    type: 3}
  m_PrefabInstance: {fileID: 8553756714726993944}
  m_PrefabAsset: {fileID: 0}
--- !u!1 &8370167214197606027 stripped
GameObject:
  m_CorrespondingSourceObject: {fileID: -9034851068278425965, guid: 6efd73e43adbda34090a8e63f100c717,
    type: 3}
  m_PrefabInstance: {fileID: 8553756714726993944}
  m_PrefabAsset: {fileID: 0}
--- !u!1 &8848346540418474415 stripped
GameObject:
  m_CorrespondingSourceObject: {fileID: -8323030181055229513, guid: 6efd73e43adbda34090a8e63f100c717,
    type: 3}
  m_PrefabInstance: {fileID: 8553756714726993944}
  m_PrefabAsset: {fileID: 0}
