%YAML 1.1
%TAG !u! tag:unity3d.com,2011:
--- !u!1 &1576564879638953607
GameObject:
  m_ObjectHideFlags: 0
  m_CorrespondingSourceObject: {fileID: 0}
  m_PrefabInstance: {fileID: 0}
  m_PrefabAsset: {fileID: 0}
  serializedVersion: 6
  m_Component:
  - component: {fileID: 3145135703275807447}
  - component: {fileID: 3598446582186105062}
  m_Layer: 9
  m_Name: j_it_1ALR90
  m_TagString: Untagged
  m_Icon: {fileID: 0}
  m_NavMeshLayer: 0
  m_StaticEditorFlags: 0
  m_IsActive: 1
--- !u!4 &3145135703275807447
Transform:
  m_ObjectHideFlags: 0
  m_CorrespondingSourceObject: {fileID: 0}
  m_PrefabInstance: {fileID: 0}
  m_PrefabAsset: {fileID: 0}
  m_GameObject: {fileID: 1576564879638953607}
  m_LocalRotation: {x: 0, y: 1, z: 0, w: 0}
  m_LocalPosition: {x: 0, y: 0, z: 0}
  m_LocalScale: {x: 1, y: 1, z: 1}
  m_Children:
  - {fileID: 8399206856906302733}
  m_Father: {fileID: 0}
  m_RootOrder: 0
  m_LocalEulerAnglesHint: {x: 0, y: 180, z: 0}
--- !u!114 &3598446582186105062
MonoBehaviour:
  m_ObjectHideFlags: 0
  m_CorrespondingSourceObject: {fileID: 0}
  m_PrefabInstance: {fileID: 0}
  m_PrefabAsset: {fileID: 0}
  m_GameObject: {fileID: 1576564879638953607}
  m_Enabled: 1
  m_EditorHideFlags: 0
  m_Script: {fileID: 11500000, guid: de305606890b87e42a58c187eba6fe10, type: 3}
  m_Name: 
  m_EditorClassIdentifier: 
  partName: "1 sed\xE1k 90 cm"
  partDescription: 
  dimensions: {x: 0.9614283, y: 1.0527873, z: 1.0462706}
  image: {fileID: 21300000, guid: 45fb6187239b6824994acd20997a630a, type: 3}
  type: 0
  partPoints:
  - {fileID: 7829253662098424334}
  - {fileID: 6541657025107188524}
  - {fileID: 1780620145660260007}
  canBeStandalone: 1
  OnPartPointConnect:
    m_PersistentCalls:
      m_Calls: []
--- !u!64 &4723790325579909754
MeshCollider:
  m_ObjectHideFlags: 0
  m_CorrespondingSourceObject: {fileID: 0}
  m_PrefabInstance: {fileID: 0}
  m_PrefabAsset: {fileID: 0}
  m_GameObject: {fileID: 2116487233377512204}
  m_Material: {fileID: 0}
  m_IsTrigger: 0
  m_Enabled: 1
  serializedVersion: 3
  m_Convex: 0
  m_CookingOptions: 14
  m_Mesh: {fileID: 7322599611214574017, guid: 9023bd38bfbe2b642b2b84a0d6957296, type: 3}
--- !u!114 &110501987296838547
MonoBehaviour:
  m_ObjectHideFlags: 0
  m_CorrespondingSourceObject: {fileID: 0}
  m_PrefabInstance: {fileID: 0}
  m_PrefabAsset: {fileID: 0}
  m_GameObject: {fileID: 2116487233377512204}
  m_Enabled: 1
  m_EditorHideFlags: 0
  m_Script: {fileID: 11500000, guid: 1030b2116dfab9343be14c0d0839ab5e, type: 3}
  m_Name: 
  m_EditorClassIdentifier: 
  ActivateObject: {fileID: 5629515959129626204}
  deactivateOnStart: 0
--- !u!114 &7451653348627656861
MonoBehaviour:
  m_ObjectHideFlags: 0
  m_CorrespondingSourceObject: {fileID: 0}
  m_PrefabInstance: {fileID: 0}
  m_PrefabAsset: {fileID: 0}
  m_GameObject: {fileID: 2116487233377512204}
  m_Enabled: 1
  m_EditorHideFlags: 0
  m_Script: {fileID: 11500000, guid: 816c52b73d7a1de4d8f07430f0420752, type: 3}
  m_Name: 
  m_EditorClassIdentifier: 
  partMeshType: main2
  setMaterialIndex: -1
  setMaterialIndex2: -1
--- !u!114 &1780620145660260007
MonoBehaviour:
  m_ObjectHideFlags: 0
  m_CorrespondingSourceObject: {fileID: 0}
  m_PrefabInstance: {fileID: 0}
  m_PrefabAsset: {fileID: 0}
  m_GameObject: {fileID: 3236362361360503247}
  m_Enabled: 1
  m_EditorHideFlags: 0
  m_Script: {fileID: 11500000, guid: 298df71d7d1c94f47a9df2b26686031c, type: 3}
  m_Name: 
  m_EditorClassIdentifier: 
  type: 2
  connection: l
  partPointGUI: {fileID: 0}
  activateOnDisconnect: []
  connectedTo: {fileID: 0}
  part: {fileID: 0}
--- !u!114 &6541657025107188524
MonoBehaviour:
  m_ObjectHideFlags: 0
  m_CorrespondingSourceObject: {fileID: 0}
  m_PrefabInstance: {fileID: 0}
  m_PrefabAsset: {fileID: 0}
  m_GameObject: {fileID: 3392153574197730170}
  m_Enabled: 1
  m_EditorHideFlags: 0
  m_Script: {fileID: 11500000, guid: 298df71d7d1c94f47a9df2b26686031c, type: 3}
  m_Name: 
  m_EditorClassIdentifier: 
  type: 0
  connection: r
  partPointGUI: {fileID: 0}
  activateOnDisconnect: []
  connectedTo: {fileID: 0}
  part: {fileID: 0}
--- !u!114 &7829253662098424334
MonoBehaviour:
  m_ObjectHideFlags: 0
  m_CorrespondingSourceObject: {fileID: 0}
  m_PrefabInstance: {fileID: 0}
  m_PrefabAsset: {fileID: 0}
  m_GameObject: {fileID: 5086139778055886225}
  m_Enabled: 1
  m_EditorHideFlags: 0
  m_Script: {fileID: 11500000, guid: 298df71d7d1c94f47a9df2b26686031c, type: 3}
  m_Name: 
  m_EditorClassIdentifier: 
  type: 0
  connection: l
  partPointGUI: {fileID: 0}
  activateOnDisconnect: []
  connectedTo: {fileID: 0}
  part: {fileID: 0}
--- !u!114 &6496882862810326792
MonoBehaviour:
  m_ObjectHideFlags: 0
  m_CorrespondingSourceObject: {fileID: 0}
  m_PrefabInstance: {fileID: 0}
  m_PrefabAsset: {fileID: 0}
  m_GameObject: {fileID: 5460980831634034570}
  m_Enabled: 1
  m_EditorHideFlags: 0
  m_Script: {fileID: 11500000, guid: 816c52b73d7a1de4d8f07430f0420752, type: 3}
  m_Name: 
  m_EditorClassIdentifier: 
  partMeshType: legs
  setMaterialIndex: -1
  setMaterialIndex2: -1
--- !u!64 &9095154274886251256
MeshCollider:
  m_ObjectHideFlags: 0
  m_CorrespondingSourceObject: {fileID: 0}
  m_PrefabInstance: {fileID: 0}
  m_PrefabAsset: {fileID: 0}
  m_GameObject: {fileID: 5629515959129626204}
  m_Material: {fileID: 0}
  m_IsTrigger: 0
  m_Enabled: 1
  serializedVersion: 3
  m_Convex: 0
  m_CookingOptions: 14
  m_Mesh: {fileID: 8371429379946888533, guid: 9023bd38bfbe2b642b2b84a0d6957296, type: 3}
--- !u!114 &2166124086018984572
MonoBehaviour:
  m_ObjectHideFlags: 0
  m_CorrespondingSourceObject: {fileID: 0}
  m_PrefabInstance: {fileID: 0}
  m_PrefabAsset: {fileID: 0}
  m_GameObject: {fileID: 5629515959129626204}
  m_Enabled: 1
  m_EditorHideFlags: 0
  m_Script: {fileID: 11500000, guid: 1030b2116dfab9343be14c0d0839ab5e, type: 3}
  m_Name: 
  m_EditorClassIdentifier: 
  ActivateObject: {fileID: 2116487233377512204}
  deactivateOnStart: 0
--- !u!114 &6225587169524166914
MonoBehaviour:
  m_ObjectHideFlags: 0
  m_CorrespondingSourceObject: {fileID: 0}
  m_PrefabInstance: {fileID: 0}
  m_PrefabAsset: {fileID: 0}
  m_GameObject: {fileID: 5629515959129626204}
  m_Enabled: 1
  m_EditorHideFlags: 0
  m_Script: {fileID: 11500000, guid: 816c52b73d7a1de4d8f07430f0420752, type: 3}
  m_Name: 
  m_EditorClassIdentifier: 
  partMeshType: main2
  setMaterialIndex: -1
  setMaterialIndex2: -1
--- !u!114 &9059830727801034105
MonoBehaviour:
  m_ObjectHideFlags: 0
  m_CorrespondingSourceObject: {fileID: 0}
  m_PrefabInstance: {fileID: 0}
  m_PrefabAsset: {fileID: 0}
  m_GameObject: {fileID: 6182850891424405321}
  m_Enabled: 1
  m_EditorHideFlags: 0
  m_Script: {fileID: 11500000, guid: 816c52b73d7a1de4d8f07430f0420752, type: 3}
  m_Name: 
  m_EditorClassIdentifier: 
  partMeshType: legs
  setMaterialIndex: -1
  setMaterialIndex2: -1
--- !u!114 &7000547002869361084
MonoBehaviour:
  m_ObjectHideFlags: 0
  m_CorrespondingSourceObject: {fileID: 0}
  m_PrefabInstance: {fileID: 0}
  m_PrefabAsset: {fileID: 0}
  m_GameObject: {fileID: 7563686732859578562}
  m_Enabled: 1
  m_EditorHideFlags: 0
  m_Script: {fileID: 11500000, guid: 816c52b73d7a1de4d8f07430f0420752, type: 3}
  m_Name: 
  m_EditorClassIdentifier: 
  partMeshType: legs2
  setMaterialIndex: -1
  setMaterialIndex2: -1
--- !u!64 &4984571477559022774
MeshCollider:
  m_ObjectHideFlags: 0
  m_CorrespondingSourceObject: {fileID: 0}
  m_PrefabInstance: {fileID: 0}
  m_PrefabAsset: {fileID: 0}
  m_GameObject: {fileID: 8172159345331931075}
  m_Material: {fileID: 0}
  m_IsTrigger: 0
  m_Enabled: 1
  serializedVersion: 3
  m_Convex: 0
  m_CookingOptions: 14
  m_Mesh: {fileID: 638175889096485270, guid: 9023bd38bfbe2b642b2b84a0d6957296, type: 3}
--- !u!114 &626633591622574171
MonoBehaviour:
  m_ObjectHideFlags: 0
  m_CorrespondingSourceObject: {fileID: 0}
  m_PrefabInstance: {fileID: 0}
  m_PrefabAsset: {fileID: 0}
  m_GameObject: {fileID: 8172159345331931075}
  m_Enabled: 1
  m_EditorHideFlags: 0
  m_Script: {fileID: 11500000, guid: 816c52b73d7a1de4d8f07430f0420752, type: 3}
  m_Name: 
  m_EditorClassIdentifier: 
  partMeshType: main2
  setMaterialIndex: -1
  setMaterialIndex2: -1
--- !u!114 &7781714392903644149
MonoBehaviour:
  m_ObjectHideFlags: 0
  m_CorrespondingSourceObject: {fileID: 0}
  m_PrefabInstance: {fileID: 0}
  m_PrefabAsset: {fileID: 0}
  m_GameObject: {fileID: 8172159345331931075}
  m_Enabled: 1
  m_EditorHideFlags: 0
  m_Script: {fileID: 11500000, guid: 1030b2116dfab9343be14c0d0839ab5e, type: 3}
  m_Name: 
  m_EditorClassIdentifier: 
  ActivateObject: {fileID: 2116487233377512204}
  deactivateOnStart: 0
--- !u!114 &3233797898246936081
MonoBehaviour:
  m_ObjectHideFlags: 0
  m_CorrespondingSourceObject: {fileID: 0}
  m_PrefabInstance: {fileID: 0}
  m_PrefabAsset: {fileID: 0}
  m_GameObject: {fileID: 8465657167115564312}
  m_Enabled: 1
  m_EditorHideFlags: 0
  m_Script: {fileID: 11500000, guid: 816c52b73d7a1de4d8f07430f0420752, type: 3}
  m_Name: 
  m_EditorClassIdentifier: 
  partMeshType: legs2
  setMaterialIndex: -1
  setMaterialIndex2: -1
--- !u!64 &7586615951966769085
MeshCollider:
  m_ObjectHideFlags: 0
  m_CorrespondingSourceObject: {fileID: 0}
  m_PrefabInstance: {fileID: 0}
  m_PrefabAsset: {fileID: 0}
  m_GameObject: {fileID: 8587927519201865164}
  m_Material: {fileID: 0}
  m_IsTrigger: 0
  m_Enabled: 1
  serializedVersion: 3
  m_Convex: 0
  m_CookingOptions: 14
  m_Mesh: {fileID: 4944817876825405571, guid: 9023bd38bfbe2b642b2b84a0d6957296, type: 3}
--- !u!114 &7153264026272488495
MonoBehaviour:
  m_ObjectHideFlags: 0
  m_CorrespondingSourceObject: {fileID: 0}
  m_PrefabInstance: {fileID: 0}
  m_PrefabAsset: {fileID: 0}
  m_GameObject: {fileID: 8587927519201865164}
  m_Enabled: 1
  m_EditorHideFlags: 0
  m_Script: {fileID: 11500000, guid: 816c52b73d7a1de4d8f07430f0420752, type: 3}
  m_Name: 
  m_EditorClassIdentifier: 
  partMeshType: main
  setMaterialIndex: -1
  setMaterialIndex2: -1
--- !u!1001 &3599870253434490391
PrefabInstance:
  m_ObjectHideFlags: 0
  serializedVersion: 2
  m_Modification:
    m_TransformParent: {fileID: 3145135703275807447}
    m_Modifications:
    - target: {fileID: -927199367670048503, guid: 9023bd38bfbe2b642b2b84a0d6957296,
        type: 3}
      propertyPath: m_Name
      value: j_it_1ALR90
      objectReference: {fileID: 0}
    - target: {fileID: -927199367670048503, guid: 9023bd38bfbe2b642b2b84a0d6957296,
        type: 3}
      propertyPath: m_Layer
      value: 9
      objectReference: {fileID: 0}
    - target: {fileID: -6004975054349605605, guid: 9023bd38bfbe2b642b2b84a0d6957296,
        type: 3}
      propertyPath: m_Layer
      value: 9
      objectReference: {fileID: 0}
    - target: {fileID: -12032934657320885, guid: 9023bd38bfbe2b642b2b84a0d6957296,
        type: 3}
      propertyPath: m_Layer
      value: 9
      objectReference: {fileID: 0}
    - target: {fileID: -12032934657320885, guid: 9023bd38bfbe2b642b2b84a0d6957296,
        type: 3}
      propertyPath: m_IsActive
      value: 0
      objectReference: {fileID: 0}
    - target: {fileID: 4655623930194905556, guid: 9023bd38bfbe2b642b2b84a0d6957296,
        type: 3}
      propertyPath: m_Layer
      value: 9
      objectReference: {fileID: 0}
    - target: {fileID: 4655623930194905556, guid: 9023bd38bfbe2b642b2b84a0d6957296,
        type: 3}
      propertyPath: m_IsActive
      value: 0
      objectReference: {fileID: 0}
    - target: {fileID: 8602112516777319302, guid: 9023bd38bfbe2b642b2b84a0d6957296,
        type: 3}
      propertyPath: m_Layer
      value: 9
      objectReference: {fileID: 0}
    - target: {fileID: 2226492733056734573, guid: 9023bd38bfbe2b642b2b84a0d6957296,
        type: 3}
      propertyPath: m_Layer
      value: 9
      objectReference: {fileID: 0}
    - target: {fileID: -4117630914389777445, guid: 9023bd38bfbe2b642b2b84a0d6957296,
        type: 3}
      propertyPath: m_Layer
      value: 9
      objectReference: {fileID: 0}
    - target: {fileID: 5435796655730890439, guid: 9023bd38bfbe2b642b2b84a0d6957296,
        type: 3}
      propertyPath: m_Layer
      value: 9
      objectReference: {fileID: 0}
    - target: {fileID: 5435796655730890439, guid: 9023bd38bfbe2b642b2b84a0d6957296,
        type: 3}
      propertyPath: m_IsActive
      value: 0
      objectReference: {fileID: 0}
    - target: {fileID: -1800654130709855473, guid: 9023bd38bfbe2b642b2b84a0d6957296,
        type: 3}
      propertyPath: m_Layer
      value: 9
      objectReference: {fileID: 0}
    - target: {fileID: -1800654130709855473, guid: 9023bd38bfbe2b642b2b84a0d6957296,
        type: 3}
      propertyPath: m_IsActive
      value: 0
      objectReference: {fileID: 0}
    - target: {fileID: 7221707598896716126, guid: 9023bd38bfbe2b642b2b84a0d6957296,
        type: 3}
      propertyPath: m_Layer
      value: 9
      objectReference: {fileID: 0}
    - target: {fileID: 7221707598896716126, guid: 9023bd38bfbe2b642b2b84a0d6957296,
        type: 3}
      propertyPath: m_IsActive
      value: 1
      objectReference: {fileID: 0}
    - target: {fileID: 8807919155328500125, guid: 9023bd38bfbe2b642b2b84a0d6957296,
        type: 3}
      propertyPath: m_Layer
      value: 9
      objectReference: {fileID: 0}
    - target: {fileID: 8807919155328500125, guid: 9023bd38bfbe2b642b2b84a0d6957296,
        type: 3}
      propertyPath: m_IsActive
      value: 1
      objectReference: {fileID: 0}
    - target: {fileID: 2950642624292875835, guid: 9023bd38bfbe2b642b2b84a0d6957296,
        type: 3}
      propertyPath: m_Layer
      value: 9
      objectReference: {fileID: 0}
    - target: {fileID: 2950642624292875835, guid: 9023bd38bfbe2b642b2b84a0d6957296,
        type: 3}
      propertyPath: m_IsActive
      value: 0
      objectReference: {fileID: 0}
    - target: {fileID: -7210096508140565707, guid: 9023bd38bfbe2b642b2b84a0d6957296,
        type: 3}
      propertyPath: m_Layer
      value: 9
      objectReference: {fileID: 0}
    - target: {fileID: -7210096508140565707, guid: 9023bd38bfbe2b642b2b84a0d6957296,
        type: 3}
      propertyPath: m_IsActive
      value: 0
      objectReference: {fileID: 0}
    - target: {fileID: -2809450197210671403, guid: 9023bd38bfbe2b642b2b84a0d6957296,
        type: 3}
      propertyPath: m_Layer
      value: 9
      objectReference: {fileID: 0}
    - target: {fileID: -2809450197210671403, guid: 9023bd38bfbe2b642b2b84a0d6957296,
        type: 3}
      propertyPath: m_IsActive
      value: 0
      objectReference: {fileID: 0}
    - target: {fileID: 4938549638314392335, guid: 9023bd38bfbe2b642b2b84a0d6957296,
        type: 3}
      propertyPath: m_Layer
      value: 9
      objectReference: {fileID: 0}
    - target: {fileID: 4938549638314392335, guid: 9023bd38bfbe2b642b2b84a0d6957296,
        type: 3}
      propertyPath: m_IsActive
      value: 0
      objectReference: {fileID: 0}
    - target: {fileID: -4216859302048453862, guid: 9023bd38bfbe2b642b2b84a0d6957296,
        type: 3}
      propertyPath: m_LocalPosition.x
      value: 0
      objectReference: {fileID: 0}
    - target: {fileID: -4216859302048453862, guid: 9023bd38bfbe2b642b2b84a0d6957296,
        type: 3}
      propertyPath: m_LocalPosition.y
      value: 0
      objectReference: {fileID: 0}
    - target: {fileID: -4216859302048453862, guid: 9023bd38bfbe2b642b2b84a0d6957296,
        type: 3}
      propertyPath: m_LocalPosition.z
      value: 0
      objectReference: {fileID: 0}
    - target: {fileID: -4216859302048453862, guid: 9023bd38bfbe2b642b2b84a0d6957296,
        type: 3}
      propertyPath: m_LocalRotation.x
      value: 0
      objectReference: {fileID: 0}
    - target: {fileID: -4216859302048453862, guid: 9023bd38bfbe2b642b2b84a0d6957296,
        type: 3}
      propertyPath: m_LocalRotation.y
      value: 0
      objectReference: {fileID: 0}
    - target: {fileID: -4216859302048453862, guid: 9023bd38bfbe2b642b2b84a0d6957296,
        type: 3}
      propertyPath: m_LocalRotation.z
      value: 0
      objectReference: {fileID: 0}
    - target: {fileID: -4216859302048453862, guid: 9023bd38bfbe2b642b2b84a0d6957296,
        type: 3}
      propertyPath: m_LocalRotation.w
      value: 1
      objectReference: {fileID: 0}
    - target: {fileID: -4216859302048453862, guid: 9023bd38bfbe2b642b2b84a0d6957296,
        type: 3}
      propertyPath: m_RootOrder
      value: 0
      objectReference: {fileID: 0}
    - target: {fileID: -4216859302048453862, guid: 9023bd38bfbe2b642b2b84a0d6957296,
        type: 3}
      propertyPath: m_LocalEulerAnglesHint.x
      value: 0
      objectReference: {fileID: 0}
    - target: {fileID: -4216859302048453862, guid: 9023bd38bfbe2b642b2b84a0d6957296,
        type: 3}
      propertyPath: m_LocalEulerAnglesHint.y
      value: 0
      objectReference: {fileID: 0}
    - target: {fileID: -4216859302048453862, guid: 9023bd38bfbe2b642b2b84a0d6957296,
        type: 3}
      propertyPath: m_LocalEulerAnglesHint.z
      value: 0
      objectReference: {fileID: 0}
    - target: {fileID: -8718994228504138922, guid: 9023bd38bfbe2b642b2b84a0d6957296,
        type: 3}
      propertyPath: m_Materials.Array.data[0]
      value: 
      objectReference: {fileID: 2100000, guid: 2abd7b2298a510a4aa3c01245cd0c1ec, type: 2}
    - target: {fileID: -5114255964466892854, guid: 9023bd38bfbe2b642b2b84a0d6957296,
        type: 3}
      propertyPath: m_Materials.Array.data[0]
      value: 
      objectReference: {fileID: 2100000, guid: 2abd7b2298a510a4aa3c01245cd0c1ec, type: 2}
    - target: {fileID: -8212758814626942998, guid: 9023bd38bfbe2b642b2b84a0d6957296,
        type: 3}
      propertyPath: m_Materials.Array.data[0]
      value: 
      objectReference: {fileID: 2100000, guid: ef0a40ef0c4155445bab600761bd9a08, type: 2}
    - target: {fileID: 4558992773439574547, guid: 9023bd38bfbe2b642b2b84a0d6957296,
        type: 3}
      propertyPath: m_Materials.Array.data[0]
      value: 
      objectReference: {fileID: 8054744487615986854, guid: dc282e34dadc88e4bb8f0bc6518b0a40,
        type: 3}
    - target: {fileID: 2951644675831067375, guid: 9023bd38bfbe2b642b2b84a0d6957296,
        type: 3}
      propertyPath: m_Materials.Array.data[0]
      value: 
      objectReference: {fileID: 8054744487615986854, guid: dc282e34dadc88e4bb8f0bc6518b0a40,
        type: 3}
    - target: {fileID: 1411500964016379730, guid: 9023bd38bfbe2b642b2b84a0d6957296,
        type: 3}
      propertyPath: m_Materials.Array.data[0]
      value: 
      objectReference: {fileID: 2100000, guid: ef0a40ef0c4155445bab600761bd9a08, type: 2}
    - target: {fileID: -219760824880254808, guid: 9023bd38bfbe2b642b2b84a0d6957296,
        type: 3}
      propertyPath: m_Materials.Array.data[0]
      value: 
      objectReference: {fileID: 2100000, guid: ef0a40ef0c4155445bab600761bd9a08, type: 2}
    - target: {fileID: -6573786432406668253, guid: 9023bd38bfbe2b642b2b84a0d6957296,
        type: 3}
      propertyPath: m_Materials.Array.data[0]
      value: 
      objectReference: {fileID: 2100000, guid: ef0a40ef0c4155445bab600761bd9a08, type: 2}
    m_RemovedComponents: []
  m_SourcePrefab: {fileID: 100100000, guid: 9023bd38bfbe2b642b2b84a0d6957296, type: 3}
--- !u!4 &8399206856906302733 stripped
Transform:
  m_CorrespondingSourceObject: {fileID: -4216859302048453862, guid: 9023bd38bfbe2b642b2b84a0d6957296,
    type: 3}
  m_PrefabInstance: {fileID: 3599870253434490391}
  m_PrefabAsset: {fileID: 0}
--- !u!1 &2116487233377512204 stripped
GameObject:
  m_CorrespondingSourceObject: {fileID: -6004975054349605605, guid: 9023bd38bfbe2b642b2b84a0d6957296,
    type: 3}
  m_PrefabInstance: {fileID: 3599870253434490391}
  m_PrefabAsset: {fileID: 0}
--- !u!1 &5629515959129626204 stripped
GameObject:
  m_CorrespondingSourceObject: {fileID: -12032934657320885, guid: 9023bd38bfbe2b642b2b84a0d6957296,
    type: 3}
  m_PrefabInstance: {fileID: 3599870253434490391}
  m_PrefabAsset: {fileID: 0}
--- !u!1 &8172159345331931075 stripped
GameObject:
  m_CorrespondingSourceObject: {fileID: 4655623930194905556, guid: 9023bd38bfbe2b642b2b84a0d6957296,
    type: 3}
  m_PrefabInstance: {fileID: 3599870253434490391}
  m_PrefabAsset: {fileID: 0}
--- !u!1 &3392153574197730170 stripped
GameObject:
  m_CorrespondingSourceObject: {fileID: 2226492733056734573, guid: 9023bd38bfbe2b642b2b84a0d6957296,
    type: 3}
  m_PrefabInstance: {fileID: 3599870253434490391}
  m_PrefabAsset: {fileID: 0}
--- !u!1 &5086139778055886225 stripped
GameObject:
  m_CorrespondingSourceObject: {fileID: 8602112516777319302, guid: 9023bd38bfbe2b642b2b84a0d6957296,
    type: 3}
  m_PrefabInstance: {fileID: 3599870253434490391}
  m_PrefabAsset: {fileID: 0}
--- !u!1 &3236362361360503247 stripped
GameObject:
  m_CorrespondingSourceObject: {fileID: -7125661598292434984, guid: 9023bd38bfbe2b642b2b84a0d6957296,
    type: 3}
  m_PrefabInstance: {fileID: 3599870253434490391}
  m_PrefabAsset: {fileID: 0}
--- !u!1 &8587927519201865164 stripped
GameObject:
  m_CorrespondingSourceObject: {fileID: -4117630914389777445, guid: 9023bd38bfbe2b642b2b84a0d6957296,
    type: 3}
  m_PrefabInstance: {fileID: 3599870253434490391}
  m_PrefabAsset: {fileID: 0}
--- !u!1 &6182850891424405321 stripped
GameObject:
  m_CorrespondingSourceObject: {fileID: 7221707598896716126, guid: 9023bd38bfbe2b642b2b84a0d6957296,
    type: 3}
  m_PrefabInstance: {fileID: 3599870253434490391}
  m_PrefabAsset: {fileID: 0}
--- !u!1 &5460980831634034570 stripped
GameObject:
  m_CorrespondingSourceObject: {fileID: 8807919155328500125, guid: 9023bd38bfbe2b642b2b84a0d6957296,
    type: 3}
  m_PrefabInstance: {fileID: 3599870253434490391}
  m_PrefabAsset: {fileID: 0}
--- !u!1 &7563686732859578562 stripped
GameObject:
  m_CorrespondingSourceObject: {fileID: -2809450197210671403, guid: 9023bd38bfbe2b642b2b84a0d6957296,
    type: 3}
  m_PrefabInstance: {fileID: 3599870253434490391}
  m_PrefabAsset: {fileID: 0}
--- !u!1 &8465657167115564312 stripped
GameObject:
  m_CorrespondingSourceObject: {fileID: 4938549638314392335, guid: 9023bd38bfbe2b642b2b84a0d6957296,
    type: 3}
  m_PrefabInstance: {fileID: 3599870253434490391}
  m_PrefabAsset: {fileID: 0}
