%YAML 1.1
%TAG !u! tag:unity3d.com,2011:
--- !u!64 &8975239702291339963
MeshCollider:
  m_ObjectHideFlags: 0
  m_CorrespondingSourceObject: {fileID: 0}
  m_PrefabInstance: {fileID: 0}
  m_PrefabAsset: {fileID: 0}
  m_GameObject: {fileID: 292563335219801698}
  m_Material: {fileID: 0}
  m_IsTrigger: 0
  m_Enabled: 1
  serializedVersion: 3
  m_Convex: 0
  m_CookingOptions: 14
  m_Mesh: {fileID: 8189043810538759662, guid: a6644d436fa74074db86009042549282, type: 3}
--- !u!114 &5627596870454339879
MonoBehaviour:
  m_ObjectHideFlags: 0
  m_CorrespondingSourceObject: {fileID: 0}
  m_PrefabInstance: {fileID: 0}
  m_PrefabAsset: {fileID: 0}
  m_GameObject: {fileID: 292563335219801698}
  m_Enabled: 1
  m_EditorHideFlags: 0
  m_Script: {fileID: 11500000, guid: 816c52b73d7a1de4d8f07430f0420752, type: 3}
  m_Name: 
  m_EditorClassIdentifier: 
  partMeshType: main
  setMaterialIndex: -1
  setMaterialIndex2: -1
--- !u!114 &6635077596670508639
MonoBehaviour:
  m_ObjectHideFlags: 0
  m_CorrespondingSourceObject: {fileID: 0}
  m_PrefabInstance: {fileID: 0}
  m_PrefabAsset: {fileID: 0}
  m_GameObject: {fileID: 688158833320430936}
  m_Enabled: 1
  m_EditorHideFlags: 0
  m_Script: {fileID: 11500000, guid: 816c52b73d7a1de4d8f07430f0420752, type: 3}
  m_Name: 
  m_EditorClassIdentifier: 
  partMeshType: legs2
  setMaterialIndex: -1
  setMaterialIndex2: -1
--- !u!114 &6594038771780026465
MonoBehaviour:
  m_ObjectHideFlags: 0
  m_CorrespondingSourceObject: {fileID: 0}
  m_PrefabInstance: {fileID: 0}
  m_PrefabAsset: {fileID: 0}
  m_GameObject: {fileID: 1757345839617559354}
  m_Enabled: 1
  m_EditorHideFlags: 0
  m_Script: {fileID: 11500000, guid: 816c52b73d7a1de4d8f07430f0420752, type: 3}
  m_Name: 
  m_EditorClassIdentifier: 
  partMeshType: legs
  setMaterialIndex: -1
  setMaterialIndex2: -1
--- !u!64 &3107081423192029565
MeshCollider:
  m_ObjectHideFlags: 0
  m_CorrespondingSourceObject: {fileID: 0}
  m_PrefabInstance: {fileID: 0}
  m_PrefabAsset: {fileID: 0}
  m_GameObject: {fileID: 1776559266949309054}
  m_Material: {fileID: 0}
  m_IsTrigger: 0
  m_Enabled: 1
  serializedVersion: 3
  m_Convex: 0
  m_CookingOptions: 14
  m_Mesh: {fileID: 7322599611214574017, guid: a6644d436fa74074db86009042549282, type: 3}
--- !u!114 &6595468776533608631
MonoBehaviour:
  m_ObjectHideFlags: 0
  m_CorrespondingSourceObject: {fileID: 0}
  m_PrefabInstance: {fileID: 0}
  m_PrefabAsset: {fileID: 0}
  m_GameObject: {fileID: 1776559266949309054}
  m_Enabled: 1
  m_EditorHideFlags: 0
  m_Script: {fileID: 11500000, guid: 1030b2116dfab9343be14c0d0839ab5e, type: 3}
  m_Name: 
  m_EditorClassIdentifier: 
  ActivateObject: {fileID: 5465346989858021166}
  deactivateOnStart: 0
--- !u!114 &8138353315060921666
MonoBehaviour:
  m_ObjectHideFlags: 0
  m_CorrespondingSourceObject: {fileID: 0}
  m_PrefabInstance: {fileID: 0}
  m_PrefabAsset: {fileID: 0}
  m_GameObject: {fileID: 1776559266949309054}
  m_Enabled: 1
  m_EditorHideFlags: 0
  m_Script: {fileID: 11500000, guid: 816c52b73d7a1de4d8f07430f0420752, type: 3}
  m_Name: 
  m_EditorClassIdentifier: 
  partMeshType: main2
  setMaterialIndex: -1
  setMaterialIndex2: -1
--- !u!114 &3972398790700607506
MonoBehaviour:
  m_ObjectHideFlags: 0
  m_CorrespondingSourceObject: {fileID: 0}
  m_PrefabInstance: {fileID: 0}
  m_PrefabAsset: {fileID: 0}
  m_GameObject: {fileID: 2625575253935420065}
  m_Enabled: 1
  m_EditorHideFlags: 0
  m_Script: {fileID: 11500000, guid: 298df71d7d1c94f47a9df2b26686031c, type: 3}
  m_Name: 
  m_EditorClassIdentifier: 
  type: 2
  connection: l
  partPointGUI: {fileID: 0}
  activateOnDisconnect: []
  connectedTo: {fileID: 0}
  part: {fileID: 0}
--- !u!114 &4157103472354594802
MonoBehaviour:
  m_ObjectHideFlags: 0
  m_CorrespondingSourceObject: {fileID: 0}
  m_PrefabInstance: {fileID: 0}
  m_PrefabAsset: {fileID: 0}
  m_GameObject: {fileID: 3654165255952722985}
  m_Enabled: 1
  m_EditorHideFlags: 0
  m_Script: {fileID: 11500000, guid: 298df71d7d1c94f47a9df2b26686031c, type: 3}
  m_Name: 
  m_EditorClassIdentifier: 
  type: 0
  connection: l
  partPointGUI: {fileID: 0}
  activateOnDisconnect: []
  connectedTo: {fileID: 0}
  part: {fileID: 0}
--- !u!64 &206171071315623624
MeshCollider:
  m_ObjectHideFlags: 0
  m_CorrespondingSourceObject: {fileID: 0}
  m_PrefabInstance: {fileID: 0}
  m_PrefabAsset: {fileID: 0}
  m_GameObject: {fileID: 5465346989858021166}
  m_Material: {fileID: 0}
  m_IsTrigger: 0
  m_Enabled: 1
  serializedVersion: 3
  m_Convex: 0
  m_CookingOptions: 14
  m_Mesh: {fileID: 8371429379946888533, guid: a6644d436fa74074db86009042549282, type: 3}
--- !u!114 &4712688062754172790
MonoBehaviour:
  m_ObjectHideFlags: 0
  m_CorrespondingSourceObject: {fileID: 0}
  m_PrefabInstance: {fileID: 0}
  m_PrefabAsset: {fileID: 0}
  m_GameObject: {fileID: 5465346989858021166}
  m_Enabled: 1
  m_EditorHideFlags: 0
  m_Script: {fileID: 11500000, guid: 1030b2116dfab9343be14c0d0839ab5e, type: 3}
  m_Name: 
  m_EditorClassIdentifier: 
  ActivateObject: {fileID: 1776559266949309054}
  deactivateOnStart: 0
--- !u!114 &6661536376926623971
MonoBehaviour:
  m_ObjectHideFlags: 0
  m_CorrespondingSourceObject: {fileID: 0}
  m_PrefabInstance: {fileID: 0}
  m_PrefabAsset: {fileID: 0}
  m_GameObject: {fileID: 5465346989858021166}
  m_Enabled: 1
  m_EditorHideFlags: 0
  m_Script: {fileID: 11500000, guid: 816c52b73d7a1de4d8f07430f0420752, type: 3}
  m_Name: 
  m_EditorClassIdentifier: 
  partMeshType: main2
  setMaterialIndex: -1
  setMaterialIndex2: -1
--- !u!1 &5951760419767318850
GameObject:
  m_ObjectHideFlags: 0
  m_CorrespondingSourceObject: {fileID: 0}
  m_PrefabInstance: {fileID: 0}
  m_PrefabAsset: {fileID: 0}
  serializedVersion: 6
  m_Component:
  - component: {fileID: 3504082026320448407}
  - component: {fileID: 1085537098194804084}
  m_Layer: 9
  m_Name: j_it_1ALR60
  m_TagString: Untagged
  m_Icon: {fileID: 0}
  m_NavMeshLayer: 0
  m_StaticEditorFlags: 0
  m_IsActive: 1
--- !u!4 &3504082026320448407
Transform:
  m_ObjectHideFlags: 0
  m_CorrespondingSourceObject: {fileID: 0}
  m_PrefabInstance: {fileID: 0}
  m_PrefabAsset: {fileID: 0}
  m_GameObject: {fileID: 5951760419767318850}
  m_LocalRotation: {x: 0, y: 1, z: 0, w: 0}
  m_LocalPosition: {x: 0, y: 0, z: 0}
  m_LocalScale: {x: 1, y: 1, z: 1}
  m_Children:
  - {fileID: 8176044278452087935}
  m_Father: {fileID: 0}
  m_RootOrder: 0
  m_LocalEulerAnglesHint: {x: 0, y: 180, z: 0}
--- !u!114 &1085537098194804084
MonoBehaviour:
  m_ObjectHideFlags: 0
  m_CorrespondingSourceObject: {fileID: 0}
  m_PrefabInstance: {fileID: 0}
  m_PrefabAsset: {fileID: 0}
  m_GameObject: {fileID: 5951760419767318850}
  m_Enabled: 1
  m_EditorHideFlags: 0
  m_Script: {fileID: 11500000, guid: de305606890b87e42a58c187eba6fe10, type: 3}
  m_Name: 
  m_EditorClassIdentifier: 
  partName: "1 sed\xE1k 60 cm"
  partDescription: 
  dimensions: {x: 0.6234174, y: 1.0558877, z: 1.0462701}
  image: {fileID: 21300000, guid: 5a1593e882e07ef44b52473df0a6fb9a, type: 3}
  type: 0
  partPoints:
  - {fileID: 4157103472354594802}
  - {fileID: 8025468325891618902}
  - {fileID: 3972398790700607506}
  canBeStandalone: 1
  OnPartPointConnect:
    m_PersistentCalls:
      m_Calls: []
--- !u!114 &7172670550110270815
MonoBehaviour:
  m_ObjectHideFlags: 0
  m_CorrespondingSourceObject: {fileID: 0}
  m_PrefabInstance: {fileID: 0}
  m_PrefabAsset: {fileID: 0}
  m_GameObject: {fileID: 6802576298497740448}
  m_Enabled: 1
  m_EditorHideFlags: 0
  m_Script: {fileID: 11500000, guid: 816c52b73d7a1de4d8f07430f0420752, type: 3}
  m_Name: 
  m_EditorClassIdentifier: 
  partMeshType: legs
  setMaterialIndex: -1
  setMaterialIndex2: -1
--- !u!114 &2387529015934610191
MonoBehaviour:
  m_ObjectHideFlags: 0
  m_CorrespondingSourceObject: {fileID: 0}
  m_PrefabInstance: {fileID: 0}
  m_PrefabAsset: {fileID: 0}
  m_GameObject: {fileID: 6813123787130839934}
  m_Enabled: 1
  m_EditorHideFlags: 0
  m_Script: {fileID: 11500000, guid: 816c52b73d7a1de4d8f07430f0420752, type: 3}
  m_Name: 
  m_EditorClassIdentifier: 
  partMeshType: legs2
  setMaterialIndex: -1
  setMaterialIndex2: -1
--- !u!114 &8025468325891618902
MonoBehaviour:
  m_ObjectHideFlags: 0
  m_CorrespondingSourceObject: {fileID: 0}
  m_PrefabInstance: {fileID: 0}
  m_PrefabAsset: {fileID: 0}
  m_GameObject: {fileID: 8247419820621539583}
  m_Enabled: 1
  m_EditorHideFlags: 0
  m_Script: {fileID: 11500000, guid: 298df71d7d1c94f47a9df2b26686031c, type: 3}
  m_Name: 
  m_EditorClassIdentifier: 
  type: 0
  connection: r
  partPointGUI: {fileID: 0}
  activateOnDisconnect: []
  connectedTo: {fileID: 0}
  part: {fileID: 0}
--- !u!64 &2756122852818813392
MeshCollider:
  m_ObjectHideFlags: 0
  m_CorrespondingSourceObject: {fileID: 0}
  m_PrefabInstance: {fileID: 0}
  m_PrefabAsset: {fileID: 0}
  m_GameObject: {fileID: 8399645899043278513}
  m_Material: {fileID: 0}
  m_IsTrigger: 0
  m_Enabled: 1
  serializedVersion: 3
  m_Convex: 0
  m_CookingOptions: 14
  m_Mesh: {fileID: 638175889096485270, guid: a6644d436fa74074db86009042549282, type: 3}
--- !u!114 &1743675514323343077
MonoBehaviour:
  m_ObjectHideFlags: 0
  m_CorrespondingSourceObject: {fileID: 0}
  m_PrefabInstance: {fileID: 0}
  m_PrefabAsset: {fileID: 0}
  m_GameObject: {fileID: 8399645899043278513}
  m_Enabled: 1
  m_EditorHideFlags: 0
  m_Script: {fileID: 11500000, guid: 1030b2116dfab9343be14c0d0839ab5e, type: 3}
  m_Name: 
  m_EditorClassIdentifier: 
  ActivateObject: {fileID: 1776559266949309054}
  deactivateOnStart: 0
--- !u!114 &8376787175315425062
MonoBehaviour:
  m_ObjectHideFlags: 0
  m_CorrespondingSourceObject: {fileID: 0}
  m_PrefabInstance: {fileID: 0}
  m_PrefabAsset: {fileID: 0}
  m_GameObject: {fileID: 8399645899043278513}
  m_Enabled: 1
  m_EditorHideFlags: 0
  m_Script: {fileID: 11500000, guid: 816c52b73d7a1de4d8f07430f0420752, type: 3}
  m_Name: 
  m_EditorClassIdentifier: 
  partMeshType: main2
  setMaterialIndex: -1
  setMaterialIndex2: -1
--- !u!1001 &3750812658024695653
PrefabInstance:
  m_ObjectHideFlags: 0
  serializedVersion: 2
  m_Modification:
    m_TransformParent: {fileID: 3504082026320448407}
    m_Modifications:
    - target: {fileID: -927199367670048503, guid: a6644d436fa74074db86009042549282,
        type: 3}
      propertyPath: m_Name
      value: j_it_1ALR60
      objectReference: {fileID: 0}
    - target: {fileID: -927199367670048503, guid: a6644d436fa74074db86009042549282,
        type: 3}
      propertyPath: m_Layer
      value: 9
      objectReference: {fileID: 0}
    - target: {fileID: -6004975054349605605, guid: a6644d436fa74074db86009042549282,
        type: 3}
      propertyPath: m_Layer
      value: 9
      objectReference: {fileID: 0}
    - target: {fileID: -6004975054349605605, guid: a6644d436fa74074db86009042549282,
        type: 3}
      propertyPath: m_IsActive
      value: 1
      objectReference: {fileID: 0}
    - target: {fileID: -12032934657320885, guid: a6644d436fa74074db86009042549282,
        type: 3}
      propertyPath: m_Layer
      value: 9
      objectReference: {fileID: 0}
    - target: {fileID: -12032934657320885, guid: a6644d436fa74074db86009042549282,
        type: 3}
      propertyPath: m_IsActive
      value: 0
      objectReference: {fileID: 0}
    - target: {fileID: 4655623930194905556, guid: a6644d436fa74074db86009042549282,
        type: 3}
      propertyPath: m_Layer
      value: 9
      objectReference: {fileID: 0}
    - target: {fileID: 4655623930194905556, guid: a6644d436fa74074db86009042549282,
        type: 3}
      propertyPath: m_IsActive
      value: 0
      objectReference: {fileID: 0}
    - target: {fileID: -8738210547172168884, guid: a6644d436fa74074db86009042549282,
        type: 3}
      propertyPath: m_Layer
      value: 9
      objectReference: {fileID: 0}
    - target: {fileID: -4145237330645454950, guid: a6644d436fa74074db86009042549282,
        type: 3}
      propertyPath: m_Layer
      value: 9
      objectReference: {fileID: 0}
    - target: {fileID: 3459596778667354375, guid: a6644d436fa74074db86009042549282,
        type: 3}
      propertyPath: m_Layer
      value: 9
      objectReference: {fileID: 0}
    - target: {fileID: 3739586512103835305, guid: a6644d436fa74074db86009042549282,
        type: 3}
      propertyPath: m_Layer
      value: 9
      objectReference: {fileID: 0}
    - target: {fileID: 3739586512103835305, guid: a6644d436fa74074db86009042549282,
        type: 3}
      propertyPath: m_IsActive
      value: 0
      objectReference: {fileID: 0}
    - target: {fileID: 358121645457753226, guid: a6644d436fa74074db86009042549282,
        type: 3}
      propertyPath: m_Layer
      value: 9
      objectReference: {fileID: 0}
    - target: {fileID: 358121645457753226, guid: a6644d436fa74074db86009042549282,
        type: 3}
      propertyPath: m_IsActive
      value: 0
      objectReference: {fileID: 0}
    - target: {fileID: 7667953579594533317, guid: a6644d436fa74074db86009042549282,
        type: 3}
      propertyPath: m_Layer
      value: 9
      objectReference: {fileID: 0}
    - target: {fileID: 7667953579594533317, guid: a6644d436fa74074db86009042549282,
        type: 3}
      propertyPath: m_IsActive
      value: 1
      objectReference: {fileID: 0}
    - target: {fileID: -6021655167161365409, guid: a6644d436fa74074db86009042549282,
        type: 3}
      propertyPath: m_Layer
      value: 9
      objectReference: {fileID: 0}
    - target: {fileID: -6021655167161365409, guid: a6644d436fa74074db86009042549282,
        type: 3}
      propertyPath: m_IsActive
      value: 1
      objectReference: {fileID: 0}
    - target: {fileID: -547933644727119937, guid: a6644d436fa74074db86009042549282,
        type: 3}
      propertyPath: m_Layer
      value: 9
      objectReference: {fileID: 0}
    - target: {fileID: -547933644727119937, guid: a6644d436fa74074db86009042549282,
        type: 3}
      propertyPath: m_IsActive
      value: 0
      objectReference: {fileID: 0}
    - target: {fileID: 2608229812922254472, guid: a6644d436fa74074db86009042549282,
        type: 3}
      propertyPath: m_Layer
      value: 9
      objectReference: {fileID: 0}
    - target: {fileID: 2608229812922254472, guid: a6644d436fa74074db86009042549282,
        type: 3}
      propertyPath: m_IsActive
      value: 0
      objectReference: {fileID: 0}
    - target: {fileID: 4431899295113103933, guid: a6644d436fa74074db86009042549282,
        type: 3}
      propertyPath: m_Layer
      value: 9
      objectReference: {fileID: 0}
    - target: {fileID: 4431899295113103933, guid: a6644d436fa74074db86009042549282,
        type: 3}
      propertyPath: m_IsActive
      value: 0
      objectReference: {fileID: 0}
    - target: {fileID: 7674278633248875547, guid: a6644d436fa74074db86009042549282,
        type: 3}
      propertyPath: m_Layer
      value: 9
      objectReference: {fileID: 0}
    - target: {fileID: 7674278633248875547, guid: a6644d436fa74074db86009042549282,
        type: 3}
      propertyPath: m_IsActive
      value: 0
      objectReference: {fileID: 0}
    - target: {fileID: -4216859302048453862, guid: a6644d436fa74074db86009042549282,
        type: 3}
      propertyPath: m_LocalPosition.x
      value: 0
      objectReference: {fileID: 0}
    - target: {fileID: -4216859302048453862, guid: a6644d436fa74074db86009042549282,
        type: 3}
      propertyPath: m_LocalPosition.y
      value: 0
      objectReference: {fileID: 0}
    - target: {fileID: -4216859302048453862, guid: a6644d436fa74074db86009042549282,
        type: 3}
      propertyPath: m_LocalPosition.z
      value: 0
      objectReference: {fileID: 0}
    - target: {fileID: -4216859302048453862, guid: a6644d436fa74074db86009042549282,
        type: 3}
      propertyPath: m_LocalRotation.x
      value: 0
      objectReference: {fileID: 0}
    - target: {fileID: -4216859302048453862, guid: a6644d436fa74074db86009042549282,
        type: 3}
      propertyPath: m_LocalRotation.y
      value: 0
      objectReference: {fileID: 0}
    - target: {fileID: -4216859302048453862, guid: a6644d436fa74074db86009042549282,
        type: 3}
      propertyPath: m_LocalRotation.z
      value: 0
      objectReference: {fileID: 0}
    - target: {fileID: -4216859302048453862, guid: a6644d436fa74074db86009042549282,
        type: 3}
      propertyPath: m_LocalRotation.w
      value: 1
      objectReference: {fileID: 0}
    - target: {fileID: -4216859302048453862, guid: a6644d436fa74074db86009042549282,
        type: 3}
      propertyPath: m_RootOrder
      value: 0
      objectReference: {fileID: 0}
    - target: {fileID: -4216859302048453862, guid: a6644d436fa74074db86009042549282,
        type: 3}
      propertyPath: m_LocalEulerAnglesHint.x
      value: 0
      objectReference: {fileID: 0}
    - target: {fileID: -4216859302048453862, guid: a6644d436fa74074db86009042549282,
        type: 3}
      propertyPath: m_LocalEulerAnglesHint.y
      value: 0
      objectReference: {fileID: 0}
    - target: {fileID: -4216859302048453862, guid: a6644d436fa74074db86009042549282,
        type: 3}
      propertyPath: m_LocalEulerAnglesHint.z
      value: 0
      objectReference: {fileID: 0}
    - target: {fileID: 3470416118092325464, guid: a6644d436fa74074db86009042549282,
        type: 3}
      propertyPath: m_Materials.Array.data[0]
      value: 
      objectReference: {fileID: 2100000, guid: ef0a40ef0c4155445bab600761bd9a08, type: 2}
    - target: {fileID: -8718994228504138922, guid: a6644d436fa74074db86009042549282,
        type: 3}
      propertyPath: m_Materials.Array.data[0]
      value: 
      objectReference: {fileID: 2100000, guid: 2abd7b2298a510a4aa3c01245cd0c1ec, type: 2}
    - target: {fileID: 4558992773439574547, guid: a6644d436fa74074db86009042549282,
        type: 3}
      propertyPath: m_Materials.Array.data[0]
      value: 
      objectReference: {fileID: 8054744487615986854, guid: dc282e34dadc88e4bb8f0bc6518b0a40,
        type: 3}
    - target: {fileID: -1751436818586365555, guid: a6644d436fa74074db86009042549282,
        type: 3}
      propertyPath: m_Materials.Array.data[0]
      value: 
      objectReference: {fileID: 2100000, guid: ef0a40ef0c4155445bab600761bd9a08, type: 2}
    - target: {fileID: 2980081440482166752, guid: a6644d436fa74074db86009042549282,
        type: 3}
      propertyPath: m_Materials.Array.data[0]
      value: 
      objectReference: {fileID: 2100000, guid: 2abd7b2298a510a4aa3c01245cd0c1ec, type: 2}
    - target: {fileID: 4593530225577205202, guid: a6644d436fa74074db86009042549282,
        type: 3}
      propertyPath: m_Materials.Array.data[0]
      value: 
      objectReference: {fileID: 2100000, guid: ef0a40ef0c4155445bab600761bd9a08, type: 2}
    - target: {fileID: 2951644675831067375, guid: a6644d436fa74074db86009042549282,
        type: 3}
      propertyPath: m_Materials.Array.data[0]
      value: 
      objectReference: {fileID: 8054744487615986854, guid: dc282e34dadc88e4bb8f0bc6518b0a40,
        type: 3}
    - target: {fileID: -8861823847789969131, guid: a6644d436fa74074db86009042549282,
        type: 3}
      propertyPath: m_Materials.Array.data[0]
      value: 
      objectReference: {fileID: 2100000, guid: ef0a40ef0c4155445bab600761bd9a08, type: 2}
    m_RemovedComponents: []
  m_SourcePrefab: {fileID: 100100000, guid: a6644d436fa74074db86009042549282, type: 3}
--- !u!4 &8176044278452087935 stripped
Transform:
  m_CorrespondingSourceObject: {fileID: -4216859302048453862, guid: a6644d436fa74074db86009042549282,
    type: 3}
  m_PrefabInstance: {fileID: 3750812658024695653}
  m_PrefabAsset: {fileID: 0}
--- !u!1 &1776559266949309054 stripped
GameObject:
  m_CorrespondingSourceObject: {fileID: -6004975054349605605, guid: a6644d436fa74074db86009042549282,
    type: 3}
  m_PrefabInstance: {fileID: 3750812658024695653}
  m_PrefabAsset: {fileID: 0}
--- !u!1 &5465346989858021166 stripped
GameObject:
  m_CorrespondingSourceObject: {fileID: -12032934657320885, guid: a6644d436fa74074db86009042549282,
    type: 3}
  m_PrefabInstance: {fileID: 3750812658024695653}
  m_PrefabAsset: {fileID: 0}
--- !u!1 &8247419820621539583 stripped
GameObject:
  m_CorrespondingSourceObject: {fileID: -4145237330645454950, guid: a6644d436fa74074db86009042549282,
    type: 3}
  m_PrefabInstance: {fileID: 3750812658024695653}
  m_PrefabAsset: {fileID: 0}
--- !u!1 &2625575253935420065 stripped
GameObject:
  m_CorrespondingSourceObject: {fileID: 1180641245840127428, guid: a6644d436fa74074db86009042549282,
    type: 3}
  m_PrefabInstance: {fileID: 3750812658024695653}
  m_PrefabAsset: {fileID: 0}
--- !u!1 &3654165255952722985 stripped
GameObject:
  m_CorrespondingSourceObject: {fileID: -8738210547172168884, guid: a6644d436fa74074db86009042549282,
    type: 3}
  m_PrefabInstance: {fileID: 3750812658024695653}
  m_PrefabAsset: {fileID: 0}
--- !u!1 &292563335219801698 stripped
GameObject:
  m_CorrespondingSourceObject: {fileID: 3459596778667354375, guid: a6644d436fa74074db86009042549282,
    type: 3}
  m_PrefabInstance: {fileID: 3750812658024695653}
  m_PrefabAsset: {fileID: 0}
--- !u!1 &6802576298497740448 stripped
GameObject:
  m_CorrespondingSourceObject: {fileID: 7667953579594533317, guid: a6644d436fa74074db86009042549282,
    type: 3}
  m_PrefabInstance: {fileID: 3750812658024695653}
  m_PrefabAsset: {fileID: 0}
--- !u!1 &1757345839617559354 stripped
GameObject:
  m_CorrespondingSourceObject: {fileID: -6021655167161365409, guid: a6644d436fa74074db86009042549282,
    type: 3}
  m_PrefabInstance: {fileID: 3750812658024695653}
  m_PrefabAsset: {fileID: 0}
--- !u!1 &688158833320430936 stripped
GameObject:
  m_CorrespondingSourceObject: {fileID: 4431899295113103933, guid: a6644d436fa74074db86009042549282,
    type: 3}
  m_PrefabInstance: {fileID: 3750812658024695653}
  m_PrefabAsset: {fileID: 0}
--- !u!1 &8399645899043278513 stripped
GameObject:
  m_CorrespondingSourceObject: {fileID: 4655623930194905556, guid: a6644d436fa74074db86009042549282,
    type: 3}
  m_PrefabInstance: {fileID: 3750812658024695653}
  m_PrefabAsset: {fileID: 0}
--- !u!1 &6813123787130839934 stripped
GameObject:
  m_CorrespondingSourceObject: {fileID: 7674278633248875547, guid: a6644d436fa74074db86009042549282,
    type: 3}
  m_PrefabInstance: {fileID: 3750812658024695653}
  m_PrefabAsset: {fileID: 0}
