%YAML 1.1
%TAG !u! tag:unity3d.com,2011:
--- !u!114 &1061687029283057975
MonoBehaviour:
  m_ObjectHideFlags: 0
  m_CorrespondingSourceObject: {fileID: 0}
  m_PrefabInstance: {fileID: 0}
  m_PrefabAsset: {fileID: 0}
  m_GameObject: {fileID: 1049586434267524964}
  m_Enabled: 1
  m_EditorHideFlags: 0
  m_Script: {fileID: 11500000, guid: 816c52b73d7a1de4d8f07430f0420752, type: 3}
  m_Name: 
  m_EditorClassIdentifier: 
  partMeshType: legs2
  setMaterialIndex: -1
  setMaterialIndex2: -1
--- !u!64 &8617174167757109295
MeshCollider:
  m_ObjectHideFlags: 0
  m_CorrespondingSourceObject: {fileID: 0}
  m_PrefabInstance: {fileID: 0}
  m_PrefabAsset: {fileID: 0}
  m_GameObject: {fileID: 2836036460124565869}
  m_Material: {fileID: 0}
  m_IsTrigger: 0
  m_Enabled: 1
  serializedVersion: 3
  m_Convex: 0
  m_CookingOptions: 14
  m_Mesh: {fileID: 7322599611214574017, guid: 2a02e5626625fb9478a895f3f843445e, type: 3}
--- !u!114 &2083783107273230407
MonoBehaviour:
  m_ObjectHideFlags: 0
  m_CorrespondingSourceObject: {fileID: 0}
  m_PrefabInstance: {fileID: 0}
  m_PrefabAsset: {fileID: 0}
  m_GameObject: {fileID: 2836036460124565869}
  m_Enabled: 1
  m_EditorHideFlags: 0
  m_Script: {fileID: 11500000, guid: 1030b2116dfab9343be14c0d0839ab5e, type: 3}
  m_Name: 
  m_EditorClassIdentifier: 
  ActivateObject: {fileID: 8369072661288586301}
  deactivateOnStart: 0
--- !u!114 &5062580502243995774
MonoBehaviour:
  m_ObjectHideFlags: 0
  m_CorrespondingSourceObject: {fileID: 0}
  m_PrefabInstance: {fileID: 0}
  m_PrefabAsset: {fileID: 0}
  m_GameObject: {fileID: 2836036460124565869}
  m_Enabled: 1
  m_EditorHideFlags: 0
  m_Script: {fileID: 11500000, guid: 816c52b73d7a1de4d8f07430f0420752, type: 3}
  m_Name: 
  m_EditorClassIdentifier: 
  partMeshType: main2
  setMaterialIndex: -1
  setMaterialIndex2: -1
--- !u!114 &4179880853826253181
MonoBehaviour:
  m_ObjectHideFlags: 0
  m_CorrespondingSourceObject: {fileID: 0}
  m_PrefabInstance: {fileID: 0}
  m_PrefabAsset: {fileID: 0}
  m_GameObject: {fileID: 3612244485373824313}
  m_Enabled: 1
  m_EditorHideFlags: 0
  m_Script: {fileID: 11500000, guid: 816c52b73d7a1de4d8f07430f0420752, type: 3}
  m_Name: 
  m_EditorClassIdentifier: 
  partMeshType: legs2
  setMaterialIndex: -1
  setMaterialIndex2: -1
--- !u!114 &7797084118109797715
MonoBehaviour:
  m_ObjectHideFlags: 0
  m_CorrespondingSourceObject: {fileID: 0}
  m_PrefabInstance: {fileID: 0}
  m_PrefabAsset: {fileID: 0}
  m_GameObject: {fileID: 4798556123182987370}
  m_Enabled: 1
  m_EditorHideFlags: 0
  m_Script: {fileID: 11500000, guid: 816c52b73d7a1de4d8f07430f0420752, type: 3}
  m_Name: 
  m_EditorClassIdentifier: 
  partMeshType: legs
  setMaterialIndex: -1
  setMaterialIndex2: -1
--- !u!64 &6791595372939321491
MeshCollider:
  m_ObjectHideFlags: 0
  m_CorrespondingSourceObject: {fileID: 0}
  m_PrefabInstance: {fileID: 0}
  m_PrefabAsset: {fileID: 0}
  m_GameObject: {fileID: 5435196514324209058}
  m_Material: {fileID: 0}
  m_IsTrigger: 0
  m_Enabled: 1
  serializedVersion: 3
  m_Convex: 0
  m_CookingOptions: 14
  m_Mesh: {fileID: 638175889096485270, guid: 2a02e5626625fb9478a895f3f843445e, type: 3}
--- !u!114 &260309795610056549
MonoBehaviour:
  m_ObjectHideFlags: 0
  m_CorrespondingSourceObject: {fileID: 0}
  m_PrefabInstance: {fileID: 0}
  m_PrefabAsset: {fileID: 0}
  m_GameObject: {fileID: 5435196514324209058}
  m_Enabled: 1
  m_EditorHideFlags: 0
  m_Script: {fileID: 11500000, guid: 1030b2116dfab9343be14c0d0839ab5e, type: 3}
  m_Name: 
  m_EditorClassIdentifier: 
  ActivateObject: {fileID: 2836036460124565869}
  deactivateOnStart: 0
--- !u!114 &896624318378273213
MonoBehaviour:
  m_ObjectHideFlags: 0
  m_CorrespondingSourceObject: {fileID: 0}
  m_PrefabInstance: {fileID: 0}
  m_PrefabAsset: {fileID: 0}
  m_GameObject: {fileID: 5435196514324209058}
  m_Enabled: 1
  m_EditorHideFlags: 0
  m_Script: {fileID: 11500000, guid: 816c52b73d7a1de4d8f07430f0420752, type: 3}
  m_Name: 
  m_EditorClassIdentifier: 
  partMeshType: main2
  setMaterialIndex: -1
  setMaterialIndex2: -1
--- !u!114 &2687118802470896850
MonoBehaviour:
  m_ObjectHideFlags: 0
  m_CorrespondingSourceObject: {fileID: 0}
  m_PrefabInstance: {fileID: 0}
  m_PrefabAsset: {fileID: 0}
  m_GameObject: {fileID: 6766836363287061485}
  m_Enabled: 1
  m_EditorHideFlags: 0
  m_Script: {fileID: 11500000, guid: 298df71d7d1c94f47a9df2b26686031c, type: 3}
  m_Name: 
  m_EditorClassIdentifier: 
  type: 0
  connection: r
  allowedCategories: []
  partPointGUI: {fileID: 0}
  activateOnDisconnect: []
  connectedTo: {fileID: 0}
  part: {fileID: 0}
--- !u!114 &1824575495439681320
MonoBehaviour:
  m_ObjectHideFlags: 0
  m_CorrespondingSourceObject: {fileID: 0}
  m_PrefabInstance: {fileID: 0}
  m_PrefabAsset: {fileID: 0}
  m_GameObject: {fileID: 6859912847606806142}
  m_Enabled: 1
  m_EditorHideFlags: 0
  m_Script: {fileID: 11500000, guid: 298df71d7d1c94f47a9df2b26686031c, type: 3}
  m_Name: 
  m_EditorClassIdentifier: 
  type: 0
  connection: l
  allowedCategories: []
  partPointGUI: {fileID: 0}
  activateOnDisconnect: []
  connectedTo: {fileID: 0}
  part: {fileID: 0}
--- !u!1 &6871620808905065444
GameObject:
  m_ObjectHideFlags: 0
  m_CorrespondingSourceObject: {fileID: 0}
  m_PrefabInstance: {fileID: 0}
  m_PrefabAsset: {fileID: 0}
  serializedVersion: 6
  m_Component:
  - component: {fileID: 7482181310815250538}
  - component: {fileID: 3523097510679825502}
  m_Layer: 9
  m_Name: j_it_LCH_70
  m_TagString: Untagged
  m_Icon: {fileID: 0}
  m_NavMeshLayer: 0
  m_StaticEditorFlags: 0
  m_IsActive: 1
--- !u!4 &7482181310815250538
Transform:
  m_ObjectHideFlags: 0
  m_CorrespondingSourceObject: {fileID: 0}
  m_PrefabInstance: {fileID: 0}
  m_PrefabAsset: {fileID: 0}
  m_GameObject: {fileID: 6871620808905065444}
  m_LocalRotation: {x: 0, y: 1, z: 0, w: 0}
  m_LocalPosition: {x: 0, y: 0, z: 0}
  m_LocalScale: {x: 1, y: 1, z: 1}
  m_Children:
  - {fileID: 5659652455566589804}
  m_Father: {fileID: 0}
  m_RootOrder: 0
  m_LocalEulerAnglesHint: {x: 0, y: 180, z: 0}
--- !u!114 &3523097510679825502
MonoBehaviour:
  m_ObjectHideFlags: 0
  m_CorrespondingSourceObject: {fileID: 0}
  m_PrefabInstance: {fileID: 0}
  m_PrefabAsset: {fileID: 0}
  m_GameObject: {fileID: 6871620808905065444}
  m_Enabled: 1
  m_EditorHideFlags: 0
  m_Script: {fileID: 11500000, guid: de305606890b87e42a58c187eba6fe10, type: 3}
  m_Name: 
  m_EditorClassIdentifier: 
  partName: Longchair 70 cm
  partDescription: 
  partCategory: ottoman
  dimensions: {x: 0.764675, y: 1.0558877, z: 1.6908548}
  image: {fileID: 21300000, guid: bdca682d32c31e04b862f79e047c05f3, type: 3}
  type: 0
  partPoints:
  - {fileID: 1824575495439681320}
  - {fileID: 2687118802470896850}
  canBeStandalone: 1
  sewingNames: []
  OnPartPointConnect:
    m_PersistentCalls:
      m_Calls: []
--- !u!64 &6391074244191095929
MeshCollider:
  m_ObjectHideFlags: 0
  m_CorrespondingSourceObject: {fileID: 0}
  m_PrefabInstance: {fileID: 0}
  m_PrefabAsset: {fileID: 0}
  m_GameObject: {fileID: 8032107286878834312}
  m_Material: {fileID: 0}
  m_IsTrigger: 0
  m_Enabled: 1
  serializedVersion: 3
  m_Convex: 0
  m_CookingOptions: 14
  m_Mesh: {fileID: 7104443547531780769, guid: 2a02e5626625fb9478a895f3f843445e, type: 3}
--- !u!114 &5934075233740289368
MonoBehaviour:
  m_ObjectHideFlags: 0
  m_CorrespondingSourceObject: {fileID: 0}
  m_PrefabInstance: {fileID: 0}
  m_PrefabAsset: {fileID: 0}
  m_GameObject: {fileID: 8032107286878834312}
  m_Enabled: 1
  m_EditorHideFlags: 0
  m_Script: {fileID: 11500000, guid: 816c52b73d7a1de4d8f07430f0420752, type: 3}
  m_Name: 
  m_EditorClassIdentifier: 
  partMeshType: main
  setMaterialIndex: -1
  setMaterialIndex2: -1
--- !u!64 &616969132864323542
MeshCollider:
  m_ObjectHideFlags: 0
  m_CorrespondingSourceObject: {fileID: 0}
  m_PrefabInstance: {fileID: 0}
  m_PrefabAsset: {fileID: 0}
  m_GameObject: {fileID: 8369072661288586301}
  m_Material: {fileID: 0}
  m_IsTrigger: 0
  m_Enabled: 1
  serializedVersion: 3
  m_Convex: 0
  m_CookingOptions: 14
  m_Mesh: {fileID: 8371429379946888533, guid: 2a02e5626625fb9478a895f3f843445e, type: 3}
--- !u!114 &4139089849411835301
MonoBehaviour:
  m_ObjectHideFlags: 0
  m_CorrespondingSourceObject: {fileID: 0}
  m_PrefabInstance: {fileID: 0}
  m_PrefabAsset: {fileID: 0}
  m_GameObject: {fileID: 8369072661288586301}
  m_Enabled: 1
  m_EditorHideFlags: 0
  m_Script: {fileID: 11500000, guid: 1030b2116dfab9343be14c0d0839ab5e, type: 3}
  m_Name: 
  m_EditorClassIdentifier: 
  ActivateObject: {fileID: 2836036460124565869}
  deactivateOnStart: 0
--- !u!114 &4425930500947641860
MonoBehaviour:
  m_ObjectHideFlags: 0
  m_CorrespondingSourceObject: {fileID: 0}
  m_PrefabInstance: {fileID: 0}
  m_PrefabAsset: {fileID: 0}
  m_GameObject: {fileID: 8369072661288586301}
  m_Enabled: 1
  m_EditorHideFlags: 0
  m_Script: {fileID: 11500000, guid: 816c52b73d7a1de4d8f07430f0420752, type: 3}
  m_Name: 
  m_EditorClassIdentifier: 
  partMeshType: main2
  setMaterialIndex: -1
  setMaterialIndex2: -1
--- !u!114 &1254410999063876404
MonoBehaviour:
  m_ObjectHideFlags: 0
  m_CorrespondingSourceObject: {fileID: 0}
  m_PrefabInstance: {fileID: 0}
  m_PrefabAsset: {fileID: 0}
  m_GameObject: {fileID: 8952030563635741942}
  m_Enabled: 1
  m_EditorHideFlags: 0
  m_Script: {fileID: 11500000, guid: 816c52b73d7a1de4d8f07430f0420752, type: 3}
  m_Name: 
  m_EditorClassIdentifier: 
  partMeshType: legs
  setMaterialIndex: -1
  setMaterialIndex2: -1
--- !u!1001 &860657168866546806
PrefabInstance:
  m_ObjectHideFlags: 0
  serializedVersion: 2
  m_Modification:
    m_TransformParent: {fileID: 7482181310815250538}
    m_Modifications:
    - target: {fileID: -927199367670048503, guid: 2a02e5626625fb9478a895f3f843445e,
        type: 3}
      propertyPath: m_Name
      value: j_it_LCH_70
      objectReference: {fileID: 0}
    - target: {fileID: -927199367670048503, guid: 2a02e5626625fb9478a895f3f843445e,
        type: 3}
      propertyPath: m_Layer
      value: 9
      objectReference: {fileID: 0}
    - target: {fileID: -6004975054349605605, guid: 2a02e5626625fb9478a895f3f843445e,
        type: 3}
      propertyPath: m_Layer
      value: 9
      objectReference: {fileID: 0}
    - target: {fileID: -12032934657320885, guid: 2a02e5626625fb9478a895f3f843445e,
        type: 3}
      propertyPath: m_Layer
      value: 9
      objectReference: {fileID: 0}
    - target: {fileID: -12032934657320885, guid: 2a02e5626625fb9478a895f3f843445e,
        type: 3}
      propertyPath: m_IsActive
      value: 0
      objectReference: {fileID: 0}
    - target: {fileID: 4655623930194905556, guid: 2a02e5626625fb9478a895f3f843445e,
        type: 3}
      propertyPath: m_Layer
      value: 9
      objectReference: {fileID: 0}
    - target: {fileID: 4655623930194905556, guid: 2a02e5626625fb9478a895f3f843445e,
        type: 3}
      propertyPath: m_IsActive
      value: 0
      objectReference: {fileID: 0}
    - target: {fileID: 6107696112541557256, guid: 2a02e5626625fb9478a895f3f843445e,
        type: 3}
      propertyPath: m_Layer
      value: 9
      objectReference: {fileID: 0}
    - target: {fileID: -3019370034749966437, guid: 2a02e5626625fb9478a895f3f843445e,
        type: 3}
      propertyPath: m_Layer
      value: 9
      objectReference: {fileID: 0}
    - target: {fileID: 7243595965827013374, guid: 2a02e5626625fb9478a895f3f843445e,
        type: 3}
      propertyPath: m_Layer
      value: 9
      objectReference: {fileID: 0}
    - target: {fileID: -1394727410022342405, guid: 2a02e5626625fb9478a895f3f843445e,
        type: 3}
      propertyPath: m_Layer
      value: 9
      objectReference: {fileID: 0}
    - target: {fileID: -1394727410022342405, guid: 2a02e5626625fb9478a895f3f843445e,
        type: 3}
      propertyPath: m_IsActive
      value: 0
      objectReference: {fileID: 0}
    - target: {fileID: 1624347476948998318, guid: 2a02e5626625fb9478a895f3f843445e,
        type: 3}
      propertyPath: m_Layer
      value: 9
      objectReference: {fileID: 0}
    - target: {fileID: 1624347476948998318, guid: 2a02e5626625fb9478a895f3f843445e,
        type: 3}
      propertyPath: m_IsActive
      value: 0
      objectReference: {fileID: 0}
    - target: {fileID: 5289001108263922716, guid: 2a02e5626625fb9478a895f3f843445e,
        type: 3}
      propertyPath: m_Layer
      value: 9
      objectReference: {fileID: 0}
    - target: {fileID: 5289001108263922716, guid: 2a02e5626625fb9478a895f3f843445e,
        type: 3}
      propertyPath: m_IsActive
      value: 1
      objectReference: {fileID: 0}
    - target: {fileID: -590627424025325440, guid: 2a02e5626625fb9478a895f3f843445e,
        type: 3}
      propertyPath: m_Layer
      value: 9
      objectReference: {fileID: 0}
    - target: {fileID: -590627424025325440, guid: 2a02e5626625fb9478a895f3f843445e,
        type: 3}
      propertyPath: m_IsActive
      value: 1
      objectReference: {fileID: 0}
    - target: {fileID: -5437102644108121412, guid: 2a02e5626625fb9478a895f3f843445e,
        type: 3}
      propertyPath: m_Layer
      value: 9
      objectReference: {fileID: 0}
    - target: {fileID: -5437102644108121412, guid: 2a02e5626625fb9478a895f3f843445e,
        type: 3}
      propertyPath: m_IsActive
      value: 0
      objectReference: {fileID: 0}
    - target: {fileID: 8977618118646886495, guid: 2a02e5626625fb9478a895f3f843445e,
        type: 3}
      propertyPath: m_Layer
      value: 9
      objectReference: {fileID: 0}
    - target: {fileID: 8977618118646886495, guid: 2a02e5626625fb9478a895f3f843445e,
        type: 3}
      propertyPath: m_IsActive
      value: 0
      objectReference: {fileID: 0}
    - target: {fileID: -5057280585979061937, guid: 2a02e5626625fb9478a895f3f843445e,
        type: 3}
      propertyPath: m_Layer
      value: 9
      objectReference: {fileID: 0}
    - target: {fileID: -5057280585979061937, guid: 2a02e5626625fb9478a895f3f843445e,
        type: 3}
      propertyPath: m_IsActive
      value: 0
      objectReference: {fileID: 0}
    - target: {fileID: 387672886086384402, guid: 2a02e5626625fb9478a895f3f843445e,
        type: 3}
      propertyPath: m_Layer
      value: 9
      objectReference: {fileID: 0}
    - target: {fileID: 387672886086384402, guid: 2a02e5626625fb9478a895f3f843445e,
        type: 3}
      propertyPath: m_IsActive
      value: 0
      objectReference: {fileID: 0}
    - target: {fileID: -4216859302048453862, guid: 2a02e5626625fb9478a895f3f843445e,
        type: 3}
      propertyPath: m_LocalPosition.x
      value: 0
      objectReference: {fileID: 0}
    - target: {fileID: -4216859302048453862, guid: 2a02e5626625fb9478a895f3f843445e,
        type: 3}
      propertyPath: m_LocalPosition.y
      value: 0
      objectReference: {fileID: 0}
    - target: {fileID: -4216859302048453862, guid: 2a02e5626625fb9478a895f3f843445e,
        type: 3}
      propertyPath: m_LocalPosition.z
      value: 0
      objectReference: {fileID: 0}
    - target: {fileID: -4216859302048453862, guid: 2a02e5626625fb9478a895f3f843445e,
        type: 3}
      propertyPath: m_LocalRotation.x
      value: 0
      objectReference: {fileID: 0}
    - target: {fileID: -4216859302048453862, guid: 2a02e5626625fb9478a895f3f843445e,
        type: 3}
      propertyPath: m_LocalRotation.y
      value: 0
      objectReference: {fileID: 0}
    - target: {fileID: -4216859302048453862, guid: 2a02e5626625fb9478a895f3f843445e,
        type: 3}
      propertyPath: m_LocalRotation.z
      value: 0
      objectReference: {fileID: 0}
    - target: {fileID: -4216859302048453862, guid: 2a02e5626625fb9478a895f3f843445e,
        type: 3}
      propertyPath: m_LocalRotation.w
      value: 1
      objectReference: {fileID: 0}
    - target: {fileID: -4216859302048453862, guid: 2a02e5626625fb9478a895f3f843445e,
        type: 3}
      propertyPath: m_RootOrder
      value: 0
      objectReference: {fileID: 0}
    - target: {fileID: -4216859302048453862, guid: 2a02e5626625fb9478a895f3f843445e,
        type: 3}
      propertyPath: m_LocalEulerAnglesHint.x
      value: 0
      objectReference: {fileID: 0}
    - target: {fileID: -4216859302048453862, guid: 2a02e5626625fb9478a895f3f843445e,
        type: 3}
      propertyPath: m_LocalEulerAnglesHint.y
      value: 0
      objectReference: {fileID: 0}
    - target: {fileID: -4216859302048453862, guid: 2a02e5626625fb9478a895f3f843445e,
        type: 3}
      propertyPath: m_LocalEulerAnglesHint.z
      value: 0
      objectReference: {fileID: 0}
    - target: {fileID: -8718994228504138922, guid: 2a02e5626625fb9478a895f3f843445e,
        type: 3}
      propertyPath: m_Materials.Array.data[0]
      value: 
      objectReference: {fileID: 2100000, guid: 2abd7b2298a510a4aa3c01245cd0c1ec, type: 2}
    - target: {fileID: 523020904789032431, guid: 2a02e5626625fb9478a895f3f843445e,
        type: 3}
      propertyPath: m_Materials.Array.data[0]
      value: 
      objectReference: {fileID: 2100000, guid: ef0a40ef0c4155445bab600761bd9a08, type: 2}
    - target: {fileID: 4371270402110848062, guid: 2a02e5626625fb9478a895f3f843445e,
        type: 3}
      propertyPath: m_Materials.Array.data[0]
      value: 
      objectReference: {fileID: 2100000, guid: ef0a40ef0c4155445bab600761bd9a08, type: 2}
    - target: {fileID: 4558992773439574547, guid: 2a02e5626625fb9478a895f3f843445e,
        type: 3}
      propertyPath: m_Materials.Array.data[0]
      value: 
      objectReference: {fileID: 8054744487615986854, guid: dc282e34dadc88e4bb8f0bc6518b0a40,
        type: 3}
    - target: {fileID: 7808834030356323128, guid: 2a02e5626625fb9478a895f3f843445e,
        type: 3}
      propertyPath: m_Materials.Array.data[0]
      value: 
      objectReference: {fileID: 2100000, guid: ef0a40ef0c4155445bab600761bd9a08, type: 2}
    - target: {fileID: 2951644675831067375, guid: 2a02e5626625fb9478a895f3f843445e,
        type: 3}
      propertyPath: m_Materials.Array.data[0]
      value: 
      objectReference: {fileID: 8054744487615986854, guid: dc282e34dadc88e4bb8f0bc6518b0a40,
        type: 3}
    - target: {fileID: -4328969816871080773, guid: 2a02e5626625fb9478a895f3f843445e,
        type: 3}
      propertyPath: m_Materials.Array.data[0]
      value: 
      objectReference: {fileID: 2100000, guid: ef0a40ef0c4155445bab600761bd9a08, type: 2}
    - target: {fileID: -2502063268737394106, guid: 2a02e5626625fb9478a895f3f843445e,
        type: 3}
      propertyPath: m_Materials.Array.data[0]
      value: 
      objectReference: {fileID: 2100000, guid: 2abd7b2298a510a4aa3c01245cd0c1ec, type: 2}
    m_RemovedComponents: []
  m_SourcePrefab: {fileID: 100100000, guid: 2a02e5626625fb9478a895f3f843445e, type: 3}
--- !u!4 &5659652455566589804 stripped
Transform:
  m_CorrespondingSourceObject: {fileID: -4216859302048453862, guid: 2a02e5626625fb9478a895f3f843445e,
    type: 3}
  m_PrefabInstance: {fileID: 860657168866546806}
  m_PrefabAsset: {fileID: 0}
--- !u!1 &2836036460124565869 stripped
GameObject:
  m_CorrespondingSourceObject: {fileID: -6004975054349605605, guid: 2a02e5626625fb9478a895f3f843445e,
    type: 3}
  m_PrefabInstance: {fileID: 860657168866546806}
  m_PrefabAsset: {fileID: 0}
--- !u!1 &8369072661288586301 stripped
GameObject:
  m_CorrespondingSourceObject: {fileID: -12032934657320885, guid: 2a02e5626625fb9478a895f3f843445e,
    type: 3}
  m_PrefabInstance: {fileID: 860657168866546806}
  m_PrefabAsset: {fileID: 0}
--- !u!1 &5435196514324209058 stripped
GameObject:
  m_CorrespondingSourceObject: {fileID: 4655623930194905556, guid: 2a02e5626625fb9478a895f3f843445e,
    type: 3}
  m_PrefabInstance: {fileID: 860657168866546806}
  m_PrefabAsset: {fileID: 0}
--- !u!1 &6859912847606806142 stripped
GameObject:
  m_CorrespondingSourceObject: {fileID: 6107696112541557256, guid: 2a02e5626625fb9478a895f3f843445e,
    type: 3}
  m_PrefabInstance: {fileID: 860657168866546806}
  m_PrefabAsset: {fileID: 0}
--- !u!1 &6766836363287061485 stripped
GameObject:
  m_CorrespondingSourceObject: {fileID: -3019370034749966437, guid: 2a02e5626625fb9478a895f3f843445e,
    type: 3}
  m_PrefabInstance: {fileID: 860657168866546806}
  m_PrefabAsset: {fileID: 0}
--- !u!1 &8032107286878834312 stripped
GameObject:
  m_CorrespondingSourceObject: {fileID: 7243595965827013374, guid: 2a02e5626625fb9478a895f3f843445e,
    type: 3}
  m_PrefabInstance: {fileID: 860657168866546806}
  m_PrefabAsset: {fileID: 0}
--- !u!1 &4798556123182987370 stripped
GameObject:
  m_CorrespondingSourceObject: {fileID: 5289001108263922716, guid: 2a02e5626625fb9478a895f3f843445e,
    type: 3}
  m_PrefabInstance: {fileID: 860657168866546806}
  m_PrefabAsset: {fileID: 0}
--- !u!1 &8952030563635741942 stripped
GameObject:
  m_CorrespondingSourceObject: {fileID: -590627424025325440, guid: 2a02e5626625fb9478a895f3f843445e,
    type: 3}
  m_PrefabInstance: {fileID: 860657168866546806}
  m_PrefabAsset: {fileID: 0}
--- !u!1 &3612244485373824313 stripped
GameObject:
  m_CorrespondingSourceObject: {fileID: -5057280585979061937, guid: 2a02e5626625fb9478a895f3f843445e,
    type: 3}
  m_PrefabInstance: {fileID: 860657168866546806}
  m_PrefabAsset: {fileID: 0}
--- !u!1 &1049586434267524964 stripped
GameObject:
  m_CorrespondingSourceObject: {fileID: 387672886086384402, guid: 2a02e5626625fb9478a895f3f843445e,
    type: 3}
  m_PrefabInstance: {fileID: 860657168866546806}
  m_PrefabAsset: {fileID: 0}
