%YAML 1.1
%TAG !u! tag:unity3d.com,2011:
--- !u!114 &123158688175280940
MonoBehaviour:
  m_ObjectHideFlags: 0
  m_CorrespondingSourceObject: {fileID: 0}
  m_PrefabInstance: {fileID: 0}
  m_PrefabAsset: {fileID: 0}
  m_GameObject: {fileID: 2591906329710727572}
  m_Enabled: 1
  m_EditorHideFlags: 0
  m_Script: {fileID: 11500000, guid: 298df71d7d1c94f47a9df2b26686031c, type: 3}
  m_Name: 
  m_EditorClassIdentifier: 
  type: 0
  connection: r
  allowedCategories: []
  disallowedCategories: []
  partPointGUI: {fileID: 0}
  activateOnDisconnect: []
  connectedTo: {fileID: 0}
  part: {fileID: 0}
--- !u!64 &2096325940525263245
MeshCollider:
  m_ObjectHideFlags: 0
  m_CorrespondingSourceObject: {fileID: 0}
  m_PrefabInstance: {fileID: 0}
  m_PrefabAsset: {fileID: 0}
  m_GameObject: {fileID: 2602118639712277326}
  m_Material: {fileID: 0}
  m_IsTrigger: 0
  m_Enabled: 1
  serializedVersion: 3
  m_Convex: 0
  m_CookingOptions: 14
  m_Mesh: {fileID: 8354728952285242468, guid: e1ac37ca32ac7c34f82516e4d743ebb9, type: 3}
--- !u!114 &4392615694721871621
MonoBehaviour:
  m_ObjectHideFlags: 0
  m_CorrespondingSourceObject: {fileID: 0}
  m_PrefabInstance: {fileID: 0}
  m_PrefabAsset: {fileID: 0}
  m_GameObject: {fileID: 2602118639712277326}
  m_Enabled: 1
  m_EditorHideFlags: 0
  m_Script: {fileID: 11500000, guid: 816c52b73d7a1de4d8f07430f0420752, type: 3}
  m_Name: 
  m_EditorClassIdentifier: 
  partMeshType: main
  setMaterialIndex: -1
  setMaterialIndex2: -1
--- !u!1 &2908034925683409955
GameObject:
  m_ObjectHideFlags: 0
  m_CorrespondingSourceObject: {fileID: 0}
  m_PrefabInstance: {fileID: 0}
  m_PrefabAsset: {fileID: 0}
  serializedVersion: 6
  m_Component:
  - component: {fileID: 8867740008403092598}
  - component: {fileID: 1916390165767558879}
  m_Layer: 9
  m_Name: Taburet
  m_TagString: Untagged
  m_Icon: {fileID: 0}
  m_NavMeshLayer: 0
  m_StaticEditorFlags: 0
  m_IsActive: 1
--- !u!4 &8867740008403092598
Transform:
  m_ObjectHideFlags: 0
  m_CorrespondingSourceObject: {fileID: 0}
  m_PrefabInstance: {fileID: 0}
  m_PrefabAsset: {fileID: 0}
  m_GameObject: {fileID: 2908034925683409955}
  m_LocalRotation: {x: 0.000000021855694, y: -0.00000004371139, z: 9.553427e-16, w: 1}
  m_LocalPosition: {x: 0, y: 0, z: 1.5}
  m_LocalScale: {x: 1, y: 1, z: 1}
  m_Children: []
  m_Father: {fileID: 4413532345880676022}
  m_RootOrder: 0
  m_LocalEulerAnglesHint: {x: 0, y: 0, z: 0}
--- !u!114 &1916390165767558879
MonoBehaviour:
  m_ObjectHideFlags: 0
  m_CorrespondingSourceObject: {fileID: 0}
  m_PrefabInstance: {fileID: 0}
  m_PrefabAsset: {fileID: 0}
  m_GameObject: {fileID: 2908034925683409955}
  m_Enabled: 1
  m_EditorHideFlags: 0
  m_Script: {fileID: 11500000, guid: 298df71d7d1c94f47a9df2b26686031c, type: 3}
  m_Name: 
  m_EditorClassIdentifier: 
  type: 2
  connection: l
  allowedCategories: []
  disallowedCategories: []
  partPointGUI: {fileID: 0}
  activateOnDisconnect: []
  connectedTo: {fileID: 0}
  part: {fileID: 0}
--- !u!114 &3606404427956288595
MonoBehaviour:
  m_ObjectHideFlags: 0
  m_CorrespondingSourceObject: {fileID: 0}
  m_PrefabInstance: {fileID: 0}
  m_PrefabAsset: {fileID: 0}
  m_GameObject: {fileID: 3345177816048787211}
  m_Enabled: 1
  m_EditorHideFlags: 0
  m_Script: {fileID: 11500000, guid: 298df71d7d1c94f47a9df2b26686031c, type: 3}
  m_Name: 
  m_EditorClassIdentifier: 
  type: 0
  connection: l
  allowedCategories: []
  disallowedCategories: []
  partPointGUI: {fileID: 0}
  activateOnDisconnect: []
  connectedTo: {fileID: 0}
  part: {fileID: 0}
--- !u!114 &2691793729332622554
MonoBehaviour:
  m_ObjectHideFlags: 0
  m_CorrespondingSourceObject: {fileID: 0}
  m_PrefabInstance: {fileID: 0}
  m_PrefabAsset: {fileID: 0}
  m_GameObject: {fileID: 3526438954812420898}
  m_Enabled: 1
  m_EditorHideFlags: 0
  m_Script: {fileID: 11500000, guid: 298df71d7d1c94f47a9df2b26686031c, type: 3}
  m_Name: 
  m_EditorClassIdentifier: 
  type: 1
  connection: l
  allowedCategories: []
  disallowedCategories: []
  partPointGUI: {fileID: 0}
  activateOnDisconnect: []
  connectedTo: {fileID: 0}
  part: {fileID: 0}
--- !u!64 &1733997869540771399
MeshCollider:
  m_ObjectHideFlags: 0
  m_CorrespondingSourceObject: {fileID: 0}
  m_PrefabInstance: {fileID: 0}
  m_PrefabAsset: {fileID: 0}
  m_GameObject: {fileID: 6234827178606477739}
  m_Material: {fileID: 0}
  m_IsTrigger: 0
  m_Enabled: 1
  serializedVersion: 3
  m_Convex: 0
  m_CookingOptions: 14
  m_Mesh: {fileID: 6720358215218028351, guid: e1ac37ca32ac7c34f82516e4d743ebb9, type: 3}
--- !u!114 &3760759310397534232
MonoBehaviour:
  m_ObjectHideFlags: 0
  m_CorrespondingSourceObject: {fileID: 0}
  m_PrefabInstance: {fileID: 0}
  m_PrefabAsset: {fileID: 0}
  m_GameObject: {fileID: 6234827178606477739}
  m_Enabled: 1
  m_EditorHideFlags: 0
  m_Script: {fileID: 11500000, guid: 816c52b73d7a1de4d8f07430f0420752, type: 3}
  m_Name: 
  m_EditorClassIdentifier: 
  partMeshType: main
  setMaterialIndex: -1
  setMaterialIndex2: -1
--- !u!1 &6397480992967600634
GameObject:
  m_ObjectHideFlags: 0
  m_CorrespondingSourceObject: {fileID: 0}
  m_PrefabInstance: {fileID: 0}
  m_PrefabAsset: {fileID: 0}
  serializedVersion: 6
  m_Component:
  - component: {fileID: 4413532345880676022}
  - component: {fileID: 8890502972752881078}
  m_Layer: 9
  m_Name: D1
  m_TagString: Untagged
  m_Icon: {fileID: 0}
  m_NavMeshLayer: 0
  m_StaticEditorFlags: 0
  m_IsActive: 1
--- !u!4 &4413532345880676022
Transform:
  m_ObjectHideFlags: 0
  m_CorrespondingSourceObject: {fileID: 0}
  m_PrefabInstance: {fileID: 0}
  m_PrefabAsset: {fileID: 0}
  m_GameObject: {fileID: 6397480992967600634}
  m_LocalRotation: {x: 0, y: 1, z: 0, w: -0.00000004371139}
  m_LocalPosition: {x: 0, y: 0, z: 0}
  m_LocalScale: {x: 1, y: 1, z: 1}
  m_Children:
  - {fileID: 8867740008403092598}
  - {fileID: 5050234193204472238}
  m_Father: {fileID: 0}
  m_RootOrder: 0
  m_LocalEulerAnglesHint: {x: 0, y: 0, z: 0}
--- !u!114 &8890502972752881078
MonoBehaviour:
  m_ObjectHideFlags: 0
  m_CorrespondingSourceObject: {fileID: 0}
  m_PrefabInstance: {fileID: 0}
  m_PrefabAsset: {fileID: 0}
  m_GameObject: {fileID: 6397480992967600634}
  m_Enabled: 1
  m_EditorHideFlags: 0
  m_Script: {fileID: 11500000, guid: de305606890b87e42a58c187eba6fe10, type: 3}
  m_Name: 
  m_EditorClassIdentifier: 
  partName: D1
  partNameCombinations:
  - connectedToParts:
    - {fileID: 2073040612217973181, guid: 2b6f147b6f74822458c98b1fac8e3c51, type: 3}
    partName: D1PEVL
  - connectedToParts:
    - {fileID: 2073040612217973181, guid: 26ec1dc8e33fe2140a5ec0958560952d, type: 3}
    partName: D1PEVP
  partDescription: 
  partCategory: universal
  includeInDimensions: 1
  dimensions: {x: 0.68000025, y: 0.9044083, z: 0.96160734}
  image: {fileID: 21300000, guid: 4f6a0a55c658c6341bffbf20993f9ef5, type: 3}
  type: 0
  partPoints:
  - {fileID: 2691793729332622554}
  - {fileID: 123158688175280940}
  - {fileID: 3606404427956288595}
  - {fileID: 1916390165767558879}
  canBeStandalone: 1
  sewingNames: []
  OnPartPointConnect:
    m_PersistentCalls:
      m_Calls: []
--- !u!64 &2485903324717980580
MeshCollider:
  m_ObjectHideFlags: 0
  m_CorrespondingSourceObject: {fileID: 0}
  m_PrefabInstance: {fileID: 0}
  m_PrefabAsset: {fileID: 0}
  m_GameObject: {fileID: 7148162154427033620}
  m_Material: {fileID: 0}
  m_IsTrigger: 0
  m_Enabled: 1
  serializedVersion: 3
  m_Convex: 0
  m_CookingOptions: 14
  m_Mesh: {fileID: 6109679978082237665, guid: e1ac37ca32ac7c34f82516e4d743ebb9, type: 3}
--- !u!114 &1959228960812473336
MonoBehaviour:
  m_ObjectHideFlags: 0
  m_CorrespondingSourceObject: {fileID: 0}
  m_PrefabInstance: {fileID: 0}
  m_PrefabAsset: {fileID: 0}
  m_GameObject: {fileID: 7148162154427033620}
  m_Enabled: 1
  m_EditorHideFlags: 0
  m_Script: {fileID: 11500000, guid: 816c52b73d7a1de4d8f07430f0420752, type: 3}
  m_Name: 
  m_EditorClassIdentifier: 
  partMeshType: main
  setMaterialIndex: -1
  setMaterialIndex2: -1
--- !u!64 &8169237799121963466
MeshCollider:
  m_ObjectHideFlags: 0
  m_CorrespondingSourceObject: {fileID: 0}
  m_PrefabInstance: {fileID: 0}
  m_PrefabAsset: {fileID: 0}
  m_GameObject: {fileID: 7671467594297208582}
  m_Material: {fileID: 0}
  m_IsTrigger: 0
  m_Enabled: 1
  serializedVersion: 3
  m_Convex: 0
  m_CookingOptions: 14
  m_Mesh: {fileID: 8454480010859990512, guid: e1ac37ca32ac7c34f82516e4d743ebb9, type: 3}
--- !u!114 &4092357490965055694
MonoBehaviour:
  m_ObjectHideFlags: 0
  m_CorrespondingSourceObject: {fileID: 0}
  m_PrefabInstance: {fileID: 0}
  m_PrefabAsset: {fileID: 0}
  m_GameObject: {fileID: 7671467594297208582}
  m_Enabled: 1
  m_EditorHideFlags: 0
  m_Script: {fileID: 11500000, guid: 816c52b73d7a1de4d8f07430f0420752, type: 3}
  m_Name: 
  m_EditorClassIdentifier: 
  partMeshType: main
  setMaterialIndex: -1
  setMaterialIndex2: -1
--- !u!64 &8076827562621283457
MeshCollider:
  m_ObjectHideFlags: 0
  m_CorrespondingSourceObject: {fileID: 0}
  m_PrefabInstance: {fileID: 0}
  m_PrefabAsset: {fileID: 0}
  m_GameObject: {fileID: 7763464073994755449}
  m_Material: {fileID: 0}
  m_IsTrigger: 0
  m_Enabled: 1
  serializedVersion: 3
  m_Convex: 0
  m_CookingOptions: 14
  m_Mesh: {fileID: 5759367314205903633, guid: e1ac37ca32ac7c34f82516e4d743ebb9, type: 3}
--- !u!114 &3504453712356392193
MonoBehaviour:
  m_ObjectHideFlags: 0
  m_CorrespondingSourceObject: {fileID: 0}
  m_PrefabInstance: {fileID: 0}
  m_PrefabAsset: {fileID: 0}
  m_GameObject: {fileID: 7763464073994755449}
  m_Enabled: 1
  m_EditorHideFlags: 0
  m_Script: {fileID: 11500000, guid: 816c52b73d7a1de4d8f07430f0420752, type: 3}
  m_Name: 
  m_EditorClassIdentifier: 
  partMeshType: main2
  setMaterialIndex: -1
  setMaterialIndex2: -1
--- !u!1001 &246780932313465524
PrefabInstance:
  m_ObjectHideFlags: 0
  serializedVersion: 2
  m_Modification:
    m_TransformParent: {fileID: 4413532345880676022}
    m_Modifications:
    - target: {fileID: -927199367670048503, guid: e1ac37ca32ac7c34f82516e4d743ebb9,
        type: 3}
      propertyPath: m_Name
      value: D1
      objectReference: {fileID: 0}
    - target: {fileID: -927199367670048503, guid: e1ac37ca32ac7c34f82516e4d743ebb9,
        type: 3}
      propertyPath: m_Layer
      value: 9
      objectReference: {fileID: 0}
    - target: {fileID: -380469829636384026, guid: e1ac37ca32ac7c34f82516e4d743ebb9,
        type: 3}
      propertyPath: m_Layer
      value: 9
      objectReference: {fileID: 0}
    - target: {fileID: -5980559907760857665, guid: e1ac37ca32ac7c34f82516e4d743ebb9,
        type: 3}
      propertyPath: m_Layer
      value: 9
      objectReference: {fileID: 0}
    - target: {fileID: 2347766151814894368, guid: e1ac37ca32ac7c34f82516e4d743ebb9,
        type: 3}
      propertyPath: m_Layer
      value: 9
      objectReference: {fileID: 0}
    - target: {fileID: -5504295426841120362, guid: e1ac37ca32ac7c34f82516e4d743ebb9,
        type: 3}
      propertyPath: m_Layer
      value: 9
      objectReference: {fileID: 0}
    - target: {fileID: -4216859302048453862, guid: e1ac37ca32ac7c34f82516e4d743ebb9,
        type: 3}
      propertyPath: m_LocalPosition.x
      value: 0
      objectReference: {fileID: 0}
    - target: {fileID: -4216859302048453862, guid: e1ac37ca32ac7c34f82516e4d743ebb9,
        type: 3}
      propertyPath: m_LocalPosition.y
      value: 0
      objectReference: {fileID: 0}
    - target: {fileID: -4216859302048453862, guid: e1ac37ca32ac7c34f82516e4d743ebb9,
        type: 3}
      propertyPath: m_LocalPosition.z
      value: 0
      objectReference: {fileID: 0}
    - target: {fileID: -4216859302048453862, guid: e1ac37ca32ac7c34f82516e4d743ebb9,
        type: 3}
      propertyPath: m_LocalRotation.x
      value: 0
      objectReference: {fileID: 0}
    - target: {fileID: -4216859302048453862, guid: e1ac37ca32ac7c34f82516e4d743ebb9,
        type: 3}
      propertyPath: m_LocalRotation.y
      value: 0
      objectReference: {fileID: 0}
    - target: {fileID: -4216859302048453862, guid: e1ac37ca32ac7c34f82516e4d743ebb9,
        type: 3}
      propertyPath: m_LocalRotation.z
      value: 0
      objectReference: {fileID: 0}
    - target: {fileID: -4216859302048453862, guid: e1ac37ca32ac7c34f82516e4d743ebb9,
        type: 3}
      propertyPath: m_LocalRotation.w
      value: 1
      objectReference: {fileID: 0}
    - target: {fileID: -4216859302048453862, guid: e1ac37ca32ac7c34f82516e4d743ebb9,
        type: 3}
      propertyPath: m_RootOrder
      value: 1
      objectReference: {fileID: 0}
    - target: {fileID: -4216859302048453862, guid: e1ac37ca32ac7c34f82516e4d743ebb9,
        type: 3}
      propertyPath: m_LocalEulerAnglesHint.x
      value: 0
      objectReference: {fileID: 0}
    - target: {fileID: -4216859302048453862, guid: e1ac37ca32ac7c34f82516e4d743ebb9,
        type: 3}
      propertyPath: m_LocalEulerAnglesHint.y
      value: 0
      objectReference: {fileID: 0}
    - target: {fileID: -4216859302048453862, guid: e1ac37ca32ac7c34f82516e4d743ebb9,
        type: 3}
      propertyPath: m_LocalEulerAnglesHint.z
      value: 0
      objectReference: {fileID: 0}
    - target: {fileID: 2841816371574821370, guid: e1ac37ca32ac7c34f82516e4d743ebb9,
        type: 3}
      propertyPath: m_Layer
      value: 9
      objectReference: {fileID: 0}
    - target: {fileID: 6190817513327559455, guid: e1ac37ca32ac7c34f82516e4d743ebb9,
        type: 3}
      propertyPath: m_Layer
      value: 9
      objectReference: {fileID: 0}
    - target: {fileID: -1670307137373036595, guid: e1ac37ca32ac7c34f82516e4d743ebb9,
        type: 3}
      propertyPath: m_Layer
      value: 9
      objectReference: {fileID: 0}
    - target: {fileID: 6944518087075031712, guid: e1ac37ca32ac7c34f82516e4d743ebb9,
        type: 3}
      propertyPath: m_Layer
      value: 9
      objectReference: {fileID: 0}
    - target: {fileID: 7573430399408483762, guid: e1ac37ca32ac7c34f82516e4d743ebb9,
        type: 3}
      propertyPath: m_Layer
      value: 9
      objectReference: {fileID: 0}
    m_RemovedComponents: []
  m_SourcePrefab: {fileID: 100100000, guid: e1ac37ca32ac7c34f82516e4d743ebb9, type: 3}
--- !u!4 &5050234193204472238 stripped
Transform:
  m_CorrespondingSourceObject: {fileID: -4216859302048453862, guid: e1ac37ca32ac7c34f82516e4d743ebb9,
    type: 3}
  m_PrefabInstance: {fileID: 246780932313465524}
  m_PrefabAsset: {fileID: 0}
--- !u!1 &7763464073994755449 stripped
GameObject:
  m_CorrespondingSourceObject: {fileID: -1670307137373036595, guid: e1ac37ca32ac7c34f82516e4d743ebb9,
    type: 3}
  m_PrefabInstance: {fileID: 246780932313465524}
  m_PrefabAsset: {fileID: 0}
--- !u!1 &6234827178606477739 stripped
GameObject:
  m_CorrespondingSourceObject: {fileID: 6190817513327559455, guid: e1ac37ca32ac7c34f82516e4d743ebb9,
    type: 3}
  m_PrefabInstance: {fileID: 246780932313465524}
  m_PrefabAsset: {fileID: 0}
--- !u!1 &2602118639712277326 stripped
GameObject:
  m_CorrespondingSourceObject: {fileID: 2841816371574821370, guid: e1ac37ca32ac7c34f82516e4d743ebb9,
    type: 3}
  m_PrefabInstance: {fileID: 246780932313465524}
  m_PrefabAsset: {fileID: 0}
--- !u!1 &7148162154427033620 stripped
GameObject:
  m_CorrespondingSourceObject: {fileID: 6944518087075031712, guid: e1ac37ca32ac7c34f82516e4d743ebb9,
    type: 3}
  m_PrefabInstance: {fileID: 246780932313465524}
  m_PrefabAsset: {fileID: 0}
--- !u!1 &7671467594297208582 stripped
GameObject:
  m_CorrespondingSourceObject: {fileID: 7573430399408483762, guid: e1ac37ca32ac7c34f82516e4d743ebb9,
    type: 3}
  m_PrefabInstance: {fileID: 246780932313465524}
  m_PrefabAsset: {fileID: 0}
--- !u!1 &3345177816048787211 stripped
GameObject:
  m_CorrespondingSourceObject: {fileID: -5980559907760857665, guid: e1ac37ca32ac7c34f82516e4d743ebb9,
    type: 3}
  m_PrefabInstance: {fileID: 246780932313465524}
  m_PrefabAsset: {fileID: 0}
--- !u!1 &2591906329710727572 stripped
GameObject:
  m_CorrespondingSourceObject: {fileID: 2347766151814894368, guid: e1ac37ca32ac7c34f82516e4d743ebb9,
    type: 3}
  m_PrefabInstance: {fileID: 246780932313465524}
  m_PrefabAsset: {fileID: 0}
--- !u!1 &3526438954812420898 stripped
GameObject:
  m_CorrespondingSourceObject: {fileID: -5504295426841120362, guid: e1ac37ca32ac7c34f82516e4d743ebb9,
    type: 3}
  m_PrefabInstance: {fileID: 246780932313465524}
  m_PrefabAsset: {fileID: 0}
