%YAML 1.1
%TAG !u! tag:unity3d.com,2011:
--- !u!1 &3941201162069088820
GameObject:
  m_ObjectHideFlags: 0
  m_CorrespondingSourceObject: {fileID: 0}
  m_PrefabInstance: {fileID: 0}
  m_PrefabAsset: {fileID: 0}
  serializedVersion: 6
  m_Component:
  - component: {fileID: 3878811776630828024}
  - component: {fileID: 2957397191382195132}
  m_Layer: 9
  m_Name: 3ka180cm
  m_TagString: Untagged
  m_Icon: {fileID: 0}
  m_NavMeshLayer: 0
  m_StaticEditorFlags: 0
  m_IsActive: 1
--- !u!4 &3878811776630828024
Transform:
  m_ObjectHideFlags: 0
  m_CorrespondingSourceObject: {fileID: 0}
  m_PrefabInstance: {fileID: 0}
  m_PrefabAsset: {fileID: 0}
  m_GameObject: {fileID: 3941201162069088820}
  m_LocalRotation: {x: 0, y: 1, z: 0, w: 0}
  m_LocalPosition: {x: 0, y: 0, z: 0}
  m_LocalScale: {x: 1, y: 1, z: 1}
  m_Children:
  - {fileID: 8874091519028174103}
  m_Father: {fileID: 0}
  m_RootOrder: 0
  m_LocalEulerAnglesHint: {x: 0, y: 180, z: 0}
--- !u!114 &2957397191382195132
MonoBehaviour:
  m_ObjectHideFlags: 0
  m_CorrespondingSourceObject: {fileID: 0}
  m_PrefabInstance: {fileID: 0}
  m_PrefabAsset: {fileID: 0}
  m_GameObject: {fileID: 3941201162069088820}
  m_Enabled: 1
  m_EditorHideFlags: 0
  m_Script: {fileID: 11500000, guid: de305606890b87e42a58c187eba6fe10, type: 3}
  m_Name: 
  m_EditorClassIdentifier: 
  partName: Trojka
  partDescription: 
  dimensions: {x: 1.8, y: 0, z: 0.9}
  image: {fileID: 21300000, guid: 3f7f9bac0c339e74fb196b65cf177c37, type: 3}
  type: 0
  partPoints:
  - {fileID: 7045304747913118237}
  - {fileID: 9131622339297144824}
  canBeStandalone: 1
  OnPartPointConnect:
    m_PersistentCalls:
      m_Calls: []
    m_TypeName: UnityEngine.Events.UnityEvent, UnityEngine.CoreModule, Version=0.0.0.0,
      Culture=neutral, PublicKeyToken=null
--- !u!114 &2969779899525505244
MonoBehaviour:
  m_ObjectHideFlags: 0
  m_CorrespondingSourceObject: {fileID: 0}
  m_PrefabInstance: {fileID: 0}
  m_PrefabAsset: {fileID: 0}
  m_GameObject: {fileID: 8874091519028265249}
  m_Enabled: 1
  m_EditorHideFlags: 0
  m_Script: {fileID: 11500000, guid: 816c52b73d7a1de4d8f07430f0420752, type: 3}
  m_Name: 
  m_EditorClassIdentifier: 
  partMeshType: legs
  setMaterialIndex: -1
--- !u!64 &1812872838730454457
MeshCollider:
  m_ObjectHideFlags: 0
  m_CorrespondingSourceObject: {fileID: 0}
  m_PrefabInstance: {fileID: 0}
  m_PrefabAsset: {fileID: 0}
  m_GameObject: {fileID: 8874091519028265251}
  m_Material: {fileID: 0}
  m_IsTrigger: 0
  m_Enabled: 1
  serializedVersion: 3
  m_Convex: 0
  m_CookingOptions: 14
  m_Mesh: {fileID: 4300010, guid: 7b76acd29970df04e8d4664a21c56685, type: 3}
--- !u!114 &415789915720566427
MonoBehaviour:
  m_ObjectHideFlags: 0
  m_CorrespondingSourceObject: {fileID: 0}
  m_PrefabInstance: {fileID: 0}
  m_PrefabAsset: {fileID: 0}
  m_GameObject: {fileID: 8874091519028265251}
  m_Enabled: 1
  m_EditorHideFlags: 0
  m_Script: {fileID: 11500000, guid: 816c52b73d7a1de4d8f07430f0420752, type: 3}
  m_Name: 
  m_EditorClassIdentifier: 
  partMeshType: main
  setMaterialIndex: -1
--- !u!64 &5314700591827095956
MeshCollider:
  m_ObjectHideFlags: 0
  m_CorrespondingSourceObject: {fileID: 0}
  m_PrefabInstance: {fileID: 0}
  m_PrefabAsset: {fileID: 0}
  m_GameObject: {fileID: 8874091519028265253}
  m_Material: {fileID: 0}
  m_IsTrigger: 0
  m_Enabled: 1
  serializedVersion: 3
  m_Convex: 0
  m_CookingOptions: 14
  m_Mesh: {fileID: 4300008, guid: 7b76acd29970df04e8d4664a21c56685, type: 3}
--- !u!114 &4224841412604516239
MonoBehaviour:
  m_ObjectHideFlags: 0
  m_CorrespondingSourceObject: {fileID: 0}
  m_PrefabInstance: {fileID: 0}
  m_PrefabAsset: {fileID: 0}
  m_GameObject: {fileID: 8874091519028265253}
  m_Enabled: 1
  m_EditorHideFlags: 0
  m_Script: {fileID: 11500000, guid: 816c52b73d7a1de4d8f07430f0420752, type: 3}
  m_Name: 
  m_EditorClassIdentifier: 
  partMeshType: main
  setMaterialIndex: -1
--- !u!64 &6907153622841525508
MeshCollider:
  m_ObjectHideFlags: 0
  m_CorrespondingSourceObject: {fileID: 0}
  m_PrefabInstance: {fileID: 0}
  m_PrefabAsset: {fileID: 0}
  m_GameObject: {fileID: 8874091519028265255}
  m_Material: {fileID: 0}
  m_IsTrigger: 0
  m_Enabled: 1
  serializedVersion: 3
  m_Convex: 0
  m_CookingOptions: 14
  m_Mesh: {fileID: 4300006, guid: 7b76acd29970df04e8d4664a21c56685, type: 3}
--- !u!114 &1147446616688198951
MonoBehaviour:
  m_ObjectHideFlags: 0
  m_CorrespondingSourceObject: {fileID: 0}
  m_PrefabInstance: {fileID: 0}
  m_PrefabAsset: {fileID: 0}
  m_GameObject: {fileID: 8874091519028265255}
  m_Enabled: 1
  m_EditorHideFlags: 0
  m_Script: {fileID: 11500000, guid: 816c52b73d7a1de4d8f07430f0420752, type: 3}
  m_Name: 
  m_EditorClassIdentifier: 
  partMeshType: main
  setMaterialIndex: -1
--- !u!114 &4101463335224737861
MonoBehaviour:
  m_ObjectHideFlags: 0
  m_CorrespondingSourceObject: {fileID: 0}
  m_PrefabInstance: {fileID: 0}
  m_PrefabAsset: {fileID: 0}
  m_GameObject: {fileID: 8874091519028265257}
  m_Enabled: 1
  m_EditorHideFlags: 0
  m_Script: {fileID: 11500000, guid: 298df71d7d1c94f47a9df2b26686031c, type: 3}
  m_Name: 
  m_EditorClassIdentifier: 
  type: 1
  connection: l
  partPointGUI: {fileID: 0}
  activateOnDisconnect: []
  connectedTo: {fileID: 0}
  part: {fileID: 0}
--- !u!114 &8518382568258383443
MonoBehaviour:
  m_ObjectHideFlags: 0
  m_CorrespondingSourceObject: {fileID: 0}
  m_PrefabInstance: {fileID: 0}
  m_PrefabAsset: {fileID: 0}
  m_GameObject: {fileID: 8874091519028265259}
  m_Enabled: 1
  m_EditorHideFlags: 0
  m_Script: {fileID: 11500000, guid: 298df71d7d1c94f47a9df2b26686031c, type: 3}
  m_Name: 
  m_EditorClassIdentifier: 
  type: 1
  connection: l
  partPointGUI: {fileID: 0}
  activateOnDisconnect: []
  connectedTo: {fileID: 0}
  part: {fileID: 0}
--- !u!114 &2457694698325665916
MonoBehaviour:
  m_ObjectHideFlags: 0
  m_CorrespondingSourceObject: {fileID: 0}
  m_PrefabInstance: {fileID: 0}
  m_PrefabAsset: {fileID: 0}
  m_GameObject: {fileID: 8874091519028265261}
  m_Enabled: 1
  m_EditorHideFlags: 0
  m_Script: {fileID: 11500000, guid: 298df71d7d1c94f47a9df2b26686031c, type: 3}
  m_Name: 
  m_EditorClassIdentifier: 
  type: 1
  connection: l
  partPointGUI: {fileID: 0}
  activateOnDisconnect: []
  connectedTo: {fileID: 0}
  part: {fileID: 0}
--- !u!114 &4146577710827583265
MonoBehaviour:
  m_ObjectHideFlags: 0
  m_CorrespondingSourceObject: {fileID: 0}
  m_PrefabInstance: {fileID: 0}
  m_PrefabAsset: {fileID: 0}
  m_GameObject: {fileID: 8874091519028265263}
  m_Enabled: 1
  m_EditorHideFlags: 0
  m_Script: {fileID: 11500000, guid: 816c52b73d7a1de4d8f07430f0420752, type: 3}
  m_Name: 
  m_EditorClassIdentifier: 
  partMeshType: legs
  setMaterialIndex: -1
--- !u!114 &9131622339297144824
MonoBehaviour:
  m_ObjectHideFlags: 0
  m_CorrespondingSourceObject: {fileID: 0}
  m_PrefabInstance: {fileID: 0}
  m_PrefabAsset: {fileID: 0}
  m_GameObject: {fileID: 8874091519028265265}
  m_Enabled: 1
  m_EditorHideFlags: 0
  m_Script: {fileID: 11500000, guid: 298df71d7d1c94f47a9df2b26686031c, type: 3}
  m_Name: 
  m_EditorClassIdentifier: 
  type: 0
  connection: r
  partPointGUI: {fileID: 0}
  activateOnDisconnect:
  - {fileID: 8874091519028265249}
  connectedTo: {fileID: 0}
  part: {fileID: 0}
--- !u!114 &7045304747913118237
MonoBehaviour:
  m_ObjectHideFlags: 0
  m_CorrespondingSourceObject: {fileID: 0}
  m_PrefabInstance: {fileID: 0}
  m_PrefabAsset: {fileID: 0}
  m_GameObject: {fileID: 8874091519028265269}
  m_Enabled: 1
  m_EditorHideFlags: 0
  m_Script: {fileID: 11500000, guid: 298df71d7d1c94f47a9df2b26686031c, type: 3}
  m_Name: 
  m_EditorClassIdentifier: 
  type: 0
  connection: l
  partPointGUI: {fileID: 0}
  activateOnDisconnect:
  - {fileID: 8874091519028265263}
  connectedTo: {fileID: 0}
  part: {fileID: 0}
--- !u!64 &5114862738344571601
MeshCollider:
  m_ObjectHideFlags: 0
  m_CorrespondingSourceObject: {fileID: 0}
  m_PrefabInstance: {fileID: 0}
  m_PrefabAsset: {fileID: 0}
  m_GameObject: {fileID: 8874091519028265273}
  m_Material: {fileID: 0}
  m_IsTrigger: 0
  m_Enabled: 1
  serializedVersion: 3
  m_Convex: 0
  m_CookingOptions: 14
  m_Mesh: {fileID: 4300004, guid: 7b76acd29970df04e8d4664a21c56685, type: 3}
--- !u!114 &7025954648817126799
MonoBehaviour:
  m_ObjectHideFlags: 0
  m_CorrespondingSourceObject: {fileID: 0}
  m_PrefabInstance: {fileID: 0}
  m_PrefabAsset: {fileID: 0}
  m_GameObject: {fileID: 8874091519028265273}
  m_Enabled: 1
  m_EditorHideFlags: 0
  m_Script: {fileID: 11500000, guid: 816c52b73d7a1de4d8f07430f0420752, type: 3}
  m_Name: 
  m_EditorClassIdentifier: 
  partMeshType: main
  setMaterialIndex: -1
--- !u!64 &3769326304288280094
MeshCollider:
  m_ObjectHideFlags: 0
  m_CorrespondingSourceObject: {fileID: 0}
  m_PrefabInstance: {fileID: 0}
  m_PrefabAsset: {fileID: 0}
  m_GameObject: {fileID: 8874091519028265275}
  m_Material: {fileID: 0}
  m_IsTrigger: 0
  m_Enabled: 1
  serializedVersion: 3
  m_Convex: 0
  m_CookingOptions: 14
  m_Mesh: {fileID: 4300002, guid: 7b76acd29970df04e8d4664a21c56685, type: 3}
--- !u!114 &3269915645628992769
MonoBehaviour:
  m_ObjectHideFlags: 0
  m_CorrespondingSourceObject: {fileID: 0}
  m_PrefabInstance: {fileID: 0}
  m_PrefabAsset: {fileID: 0}
  m_GameObject: {fileID: 8874091519028265275}
  m_Enabled: 1
  m_EditorHideFlags: 0
  m_Script: {fileID: 11500000, guid: 816c52b73d7a1de4d8f07430f0420752, type: 3}
  m_Name: 
  m_EditorClassIdentifier: 
  partMeshType: main
  setMaterialIndex: -1
--- !u!64 &7977888225149862427
MeshCollider:
  m_ObjectHideFlags: 0
  m_CorrespondingSourceObject: {fileID: 0}
  m_PrefabInstance: {fileID: 0}
  m_PrefabAsset: {fileID: 0}
  m_GameObject: {fileID: 8874091519028265277}
  m_Material: {fileID: 0}
  m_IsTrigger: 0
  m_Enabled: 1
  serializedVersion: 3
  m_Convex: 0
  m_CookingOptions: 14
  m_Mesh: {fileID: 4300000, guid: 7b76acd29970df04e8d4664a21c56685, type: 3}
--- !u!114 &5317622190885326888
MonoBehaviour:
  m_ObjectHideFlags: 0
  m_CorrespondingSourceObject: {fileID: 0}
  m_PrefabInstance: {fileID: 0}
  m_PrefabAsset: {fileID: 0}
  m_GameObject: {fileID: 8874091519028265277}
  m_Enabled: 1
  m_EditorHideFlags: 0
  m_Script: {fileID: 11500000, guid: 816c52b73d7a1de4d8f07430f0420752, type: 3}
  m_Name: 
  m_EditorClassIdentifier: 
  partMeshType: main
  setMaterialIndex: -1
--- !u!1001 &8874091519028299671
PrefabInstance:
  m_ObjectHideFlags: 0
  serializedVersion: 2
  m_Modification:
    m_TransformParent: {fileID: 3878811776630828024}
    m_Modifications:
    - target: {fileID: 100000, guid: 7b76acd29970df04e8d4664a21c56685, type: 3}
      propertyPath: m_Name
      value: 3ka180cm
      objectReference: {fileID: 0}
    - target: {fileID: 100000, guid: 7b76acd29970df04e8d4664a21c56685, type: 3}
      propertyPath: m_Layer
      value: 9
      objectReference: {fileID: 0}
    - target: {fileID: 100002, guid: 7b76acd29970df04e8d4664a21c56685, type: 3}
      propertyPath: m_Layer
      value: 9
      objectReference: {fileID: 0}
    - target: {fileID: 100004, guid: 7b76acd29970df04e8d4664a21c56685, type: 3}
      propertyPath: m_Layer
      value: 9
      objectReference: {fileID: 0}
    - target: {fileID: 100006, guid: 7b76acd29970df04e8d4664a21c56685, type: 3}
      propertyPath: m_Layer
      value: 9
      objectReference: {fileID: 0}
    - target: {fileID: 100022, guid: 7b76acd29970df04e8d4664a21c56685, type: 3}
      propertyPath: m_Layer
      value: 9
      objectReference: {fileID: 0}
    - target: {fileID: 100024, guid: 7b76acd29970df04e8d4664a21c56685, type: 3}
      propertyPath: m_Layer
      value: 9
      objectReference: {fileID: 0}
    - target: {fileID: 100010, guid: 7b76acd29970df04e8d4664a21c56685, type: 3}
      propertyPath: m_Layer
      value: 9
      objectReference: {fileID: 0}
    - target: {fileID: 100012, guid: 7b76acd29970df04e8d4664a21c56685, type: 3}
      propertyPath: m_Layer
      value: 9
      objectReference: {fileID: 0}
    - target: {fileID: 100014, guid: 7b76acd29970df04e8d4664a21c56685, type: 3}
      propertyPath: m_Layer
      value: 9
      objectReference: {fileID: 0}
    - target: {fileID: 100016, guid: 7b76acd29970df04e8d4664a21c56685, type: 3}
      propertyPath: m_Layer
      value: 9
      objectReference: {fileID: 0}
    - target: {fileID: 100018, guid: 7b76acd29970df04e8d4664a21c56685, type: 3}
      propertyPath: m_Layer
      value: 9
      objectReference: {fileID: 0}
    - target: {fileID: 100020, guid: 7b76acd29970df04e8d4664a21c56685, type: 3}
      propertyPath: m_Layer
      value: 9
      objectReference: {fileID: 0}
    - target: {fileID: 400000, guid: 7b76acd29970df04e8d4664a21c56685, type: 3}
      propertyPath: m_LocalPosition.x
      value: 0
      objectReference: {fileID: 0}
    - target: {fileID: 400000, guid: 7b76acd29970df04e8d4664a21c56685, type: 3}
      propertyPath: m_LocalPosition.y
      value: 0
      objectReference: {fileID: 0}
    - target: {fileID: 400000, guid: 7b76acd29970df04e8d4664a21c56685, type: 3}
      propertyPath: m_LocalPosition.z
      value: 0
      objectReference: {fileID: 0}
    - target: {fileID: 400000, guid: 7b76acd29970df04e8d4664a21c56685, type: 3}
      propertyPath: m_LocalRotation.x
      value: 0
      objectReference: {fileID: 0}
    - target: {fileID: 400000, guid: 7b76acd29970df04e8d4664a21c56685, type: 3}
      propertyPath: m_LocalRotation.y
      value: 0
      objectReference: {fileID: 0}
    - target: {fileID: 400000, guid: 7b76acd29970df04e8d4664a21c56685, type: 3}
      propertyPath: m_LocalRotation.z
      value: 0
      objectReference: {fileID: 0}
    - target: {fileID: 400000, guid: 7b76acd29970df04e8d4664a21c56685, type: 3}
      propertyPath: m_LocalRotation.w
      value: 1
      objectReference: {fileID: 0}
    - target: {fileID: 400000, guid: 7b76acd29970df04e8d4664a21c56685, type: 3}
      propertyPath: m_RootOrder
      value: 0
      objectReference: {fileID: 0}
    - target: {fileID: 400000, guid: 7b76acd29970df04e8d4664a21c56685, type: 3}
      propertyPath: m_LocalEulerAnglesHint.x
      value: 0
      objectReference: {fileID: 0}
    - target: {fileID: 400000, guid: 7b76acd29970df04e8d4664a21c56685, type: 3}
      propertyPath: m_LocalEulerAnglesHint.y
      value: 0
      objectReference: {fileID: 0}
    - target: {fileID: 400000, guid: 7b76acd29970df04e8d4664a21c56685, type: 3}
      propertyPath: m_LocalEulerAnglesHint.z
      value: 0
      objectReference: {fileID: 0}
    - target: {fileID: 2300016, guid: 7b76acd29970df04e8d4664a21c56685, type: 3}
      propertyPath: m_Materials.Array.data[1]
      value: 
      objectReference: {fileID: 2100000, guid: 1c67c815f66d9d342a73b6552979ff21, type: 2}
    - target: {fileID: 2300014, guid: 7b76acd29970df04e8d4664a21c56685, type: 3}
      propertyPath: m_Materials.Array.data[1]
      value: 
      objectReference: {fileID: 2100000, guid: 1c67c815f66d9d342a73b6552979ff21, type: 2}
    m_RemovedComponents: []
  m_SourcePrefab: {fileID: 100100000, guid: 7b76acd29970df04e8d4664a21c56685, type: 3}
--- !u!1 &8874091519028265259 stripped
GameObject:
  m_CorrespondingSourceObject: {fileID: 100028, guid: 7b76acd29970df04e8d4664a21c56685,
    type: 3}
  m_PrefabInstance: {fileID: 8874091519028299671}
  m_PrefabAsset: {fileID: 0}
--- !u!1 &8874091519028265273 stripped
GameObject:
  m_CorrespondingSourceObject: {fileID: 100014, guid: 7b76acd29970df04e8d4664a21c56685,
    type: 3}
  m_PrefabInstance: {fileID: 8874091519028299671}
  m_PrefabAsset: {fileID: 0}
--- !u!1 &8874091519028265261 stripped
GameObject:
  m_CorrespondingSourceObject: {fileID: 100026, guid: 7b76acd29970df04e8d4664a21c56685,
    type: 3}
  m_PrefabInstance: {fileID: 8874091519028299671}
  m_PrefabAsset: {fileID: 0}
--- !u!1 &8874091519028265265 stripped
GameObject:
  m_CorrespondingSourceObject: {fileID: 100006, guid: 7b76acd29970df04e8d4664a21c56685,
    type: 3}
  m_PrefabInstance: {fileID: 8874091519028299671}
  m_PrefabAsset: {fileID: 0}
--- !u!1 &8874091519028265255 stripped
GameObject:
  m_CorrespondingSourceObject: {fileID: 100016, guid: 7b76acd29970df04e8d4664a21c56685,
    type: 3}
  m_PrefabInstance: {fileID: 8874091519028299671}
  m_PrefabAsset: {fileID: 0}
--- !u!1 &8874091519028265269 stripped
GameObject:
  m_CorrespondingSourceObject: {fileID: 100002, guid: 7b76acd29970df04e8d4664a21c56685,
    type: 3}
  m_PrefabInstance: {fileID: 8874091519028299671}
  m_PrefabAsset: {fileID: 0}
--- !u!4 &8874091519028174103 stripped
Transform:
  m_CorrespondingSourceObject: {fileID: 400000, guid: 7b76acd29970df04e8d4664a21c56685,
    type: 3}
  m_PrefabInstance: {fileID: 8874091519028299671}
  m_PrefabAsset: {fileID: 0}
--- !u!1 &8874091519028265253 stripped
GameObject:
  m_CorrespondingSourceObject: {fileID: 100018, guid: 7b76acd29970df04e8d4664a21c56685,
    type: 3}
  m_PrefabInstance: {fileID: 8874091519028299671}
  m_PrefabAsset: {fileID: 0}
--- !u!1 &8874091519028265263 stripped
GameObject:
  m_CorrespondingSourceObject: {fileID: 100024, guid: 7b76acd29970df04e8d4664a21c56685,
    type: 3}
  m_PrefabInstance: {fileID: 8874091519028299671}
  m_PrefabAsset: {fileID: 0}
--- !u!1 &8874091519028265249 stripped
GameObject:
  m_CorrespondingSourceObject: {fileID: 100022, guid: 7b76acd29970df04e8d4664a21c56685,
    type: 3}
  m_PrefabInstance: {fileID: 8874091519028299671}
  m_PrefabAsset: {fileID: 0}
--- !u!1 &8874091519028265251 stripped
GameObject:
  m_CorrespondingSourceObject: {fileID: 100020, guid: 7b76acd29970df04e8d4664a21c56685,
    type: 3}
  m_PrefabInstance: {fileID: 8874091519028299671}
  m_PrefabAsset: {fileID: 0}
--- !u!1 &8874091519028265275 stripped
GameObject:
  m_CorrespondingSourceObject: {fileID: 100012, guid: 7b76acd29970df04e8d4664a21c56685,
    type: 3}
  m_PrefabInstance: {fileID: 8874091519028299671}
  m_PrefabAsset: {fileID: 0}
--- !u!1 &8874091519028265257 stripped
GameObject:
  m_CorrespondingSourceObject: {fileID: 100030, guid: 7b76acd29970df04e8d4664a21c56685,
    type: 3}
  m_PrefabInstance: {fileID: 8874091519028299671}
  m_PrefabAsset: {fileID: 0}
--- !u!1 &8874091519028265277 stripped
GameObject:
  m_CorrespondingSourceObject: {fileID: 100010, guid: 7b76acd29970df04e8d4664a21c56685,
    type: 3}
  m_PrefabInstance: {fileID: 8874091519028299671}
  m_PrefabAsset: {fileID: 0}
