%YAML 1.1
%TAG !u! tag:unity3d.com,2011:
--- !u!1 &3941201162069088820
GameObject:
  m_ObjectHideFlags: 0
  m_CorrespondingSourceObject: {fileID: 0}
  m_PrefabInstance: {fileID: 0}
  m_PrefabAsset: {fileID: 0}
  serializedVersion: 6
  m_Component:
  - component: {fileID: 3878811776630828024}
  - component: {fileID: 2957397191382195132}
  m_Layer: 9
  m_Name: lezadlo
  m_TagString: Untagged
  m_Icon: {fileID: 0}
  m_NavMeshLayer: 0
  m_StaticEditorFlags: 0
  m_IsActive: 1
--- !u!4 &3878811776630828024
Transform:
  m_ObjectHideFlags: 0
  m_CorrespondingSourceObject: {fileID: 0}
  m_PrefabInstance: {fileID: 0}
  m_PrefabAsset: {fileID: 0}
  m_GameObject: {fileID: 3941201162069088820}
  m_LocalRotation: {x: 0, y: 1, z: 0, w: 0}
  m_LocalPosition: {x: 0, y: 0, z: 0}
  m_LocalScale: {x: 1, y: 1, z: 1}
  m_Children:
  - {fileID: 5087602363131738238}
  m_Father: {fileID: 0}
  m_RootOrder: 0
  m_LocalEulerAnglesHint: {x: 0, y: 180, z: 0}
--- !u!114 &2957397191382195132
MonoBehaviour:
  m_ObjectHideFlags: 0
  m_CorrespondingSourceObject: {fileID: 0}
  m_PrefabInstance: {fileID: 0}
  m_PrefabAsset: {fileID: 0}
  m_GameObject: {fileID: 3941201162069088820}
  m_Enabled: 1
  m_EditorHideFlags: 0
  m_Script: {fileID: 11500000, guid: de305606890b87e42a58c187eba6fe10, type: 3}
  m_Name: 
  m_EditorClassIdentifier: 
  partName: "Jednotka pred\u013A\u017Een\xE1 \u013D"
  partDescription: 
  dimensions: {x: 1.6, y: 0, z: 0.82}
  image: {fileID: 21300000, guid: 215c310984e113844a757abc4c86e290, type: 3}
  type: 0
  partPoints:
  - {fileID: 8439074249986263496}
  canBeStandalone: 1
  OnPartPointConnect:
    m_PersistentCalls:
      m_Calls: []
    m_TypeName: UnityEngine.Events.UnityEvent, UnityEngine.CoreModule, Version=0.0.0.0,
      Culture=neutral, PublicKeyToken=null
--- !u!64 &5042894522777730955
MeshCollider:
  m_ObjectHideFlags: 0
  m_CorrespondingSourceObject: {fileID: 0}
  m_PrefabInstance: {fileID: 0}
  m_PrefabAsset: {fileID: 0}
  m_GameObject: {fileID: 5087602363131241544}
  m_Material: {fileID: 0}
  m_IsTrigger: 0
  m_Enabled: 1
  serializedVersion: 3
  m_Convex: 0
  m_CookingOptions: 14
  m_Mesh: {fileID: 4300000, guid: d29889342c96db948946b3e09b635f7d, type: 3}
--- !u!114 &6128165693534380561
MonoBehaviour:
  m_ObjectHideFlags: 0
  m_CorrespondingSourceObject: {fileID: 0}
  m_PrefabInstance: {fileID: 0}
  m_PrefabAsset: {fileID: 0}
  m_GameObject: {fileID: 5087602363131241544}
  m_Enabled: 1
  m_EditorHideFlags: 0
  m_Script: {fileID: 11500000, guid: 816c52b73d7a1de4d8f07430f0420752, type: 3}
  m_Name: 
  m_EditorClassIdentifier: 
  partMeshType: main
  setMaterialIndex: -1
--- !u!114 &2757939065117651490
MonoBehaviour:
  m_ObjectHideFlags: 0
  m_CorrespondingSourceObject: {fileID: 0}
  m_PrefabInstance: {fileID: 0}
  m_PrefabAsset: {fileID: 0}
  m_GameObject: {fileID: 5087602363131241546}
  m_Enabled: 1
  m_EditorHideFlags: 0
  m_Script: {fileID: 11500000, guid: 298df71d7d1c94f47a9df2b26686031c, type: 3}
  m_Name: 
  m_EditorClassIdentifier: 
  type: 1
  connection: l
  partPointGUI: {fileID: 0}
  activateOnDisconnect: []
  connectedTo: {fileID: 0}
  part: {fileID: 0}
--- !u!64 &7131421361373358856
MeshCollider:
  m_ObjectHideFlags: 0
  m_CorrespondingSourceObject: {fileID: 0}
  m_PrefabInstance: {fileID: 0}
  m_PrefabAsset: {fileID: 0}
  m_GameObject: {fileID: 5087602363131241548}
  m_Material: {fileID: 0}
  m_IsTrigger: 0
  m_Enabled: 1
  serializedVersion: 3
  m_Convex: 0
  m_CookingOptions: 14
  m_Mesh: {fileID: 4300008, guid: d29889342c96db948946b3e09b635f7d, type: 3}
--- !u!114 &5867397940033979761
MonoBehaviour:
  m_ObjectHideFlags: 0
  m_CorrespondingSourceObject: {fileID: 0}
  m_PrefabInstance: {fileID: 0}
  m_PrefabAsset: {fileID: 0}
  m_GameObject: {fileID: 5087602363131241548}
  m_Enabled: 1
  m_EditorHideFlags: 0
  m_Script: {fileID: 11500000, guid: 816c52b73d7a1de4d8f07430f0420752, type: 3}
  m_Name: 
  m_EditorClassIdentifier: 
  partMeshType: main
  setMaterialIndex: -1
--- !u!64 &3572493309635110305
MeshCollider:
  m_ObjectHideFlags: 0
  m_CorrespondingSourceObject: {fileID: 0}
  m_PrefabInstance: {fileID: 0}
  m_PrefabAsset: {fileID: 0}
  m_GameObject: {fileID: 5087602363131241550}
  m_Material: {fileID: 0}
  m_IsTrigger: 0
  m_Enabled: 1
  serializedVersion: 3
  m_Convex: 0
  m_CookingOptions: 14
  m_Mesh: {fileID: 4300010, guid: d29889342c96db948946b3e09b635f7d, type: 3}
--- !u!114 &8010298096044316170
MonoBehaviour:
  m_ObjectHideFlags: 0
  m_CorrespondingSourceObject: {fileID: 0}
  m_PrefabInstance: {fileID: 0}
  m_PrefabAsset: {fileID: 0}
  m_GameObject: {fileID: 5087602363131241550}
  m_Enabled: 1
  m_EditorHideFlags: 0
  m_Script: {fileID: 11500000, guid: 816c52b73d7a1de4d8f07430f0420752, type: 3}
  m_Name: 
  m_EditorClassIdentifier: 
  partMeshType: main
  setMaterialIndex: -1
--- !u!64 &2450924646651592982
MeshCollider:
  m_ObjectHideFlags: 0
  m_CorrespondingSourceObject: {fileID: 0}
  m_PrefabInstance: {fileID: 0}
  m_PrefabAsset: {fileID: 0}
  m_GameObject: {fileID: 5087602363131241552}
  m_Material: {fileID: 0}
  m_IsTrigger: 0
  m_Enabled: 1
  serializedVersion: 3
  m_Convex: 0
  m_CookingOptions: 14
  m_Mesh: {fileID: 4300002, guid: d29889342c96db948946b3e09b635f7d, type: 3}
--- !u!114 &5659659882962971232
MonoBehaviour:
  m_ObjectHideFlags: 0
  m_CorrespondingSourceObject: {fileID: 0}
  m_PrefabInstance: {fileID: 0}
  m_PrefabAsset: {fileID: 0}
  m_GameObject: {fileID: 5087602363131241552}
  m_Enabled: 1
  m_EditorHideFlags: 0
  m_Script: {fileID: 11500000, guid: 816c52b73d7a1de4d8f07430f0420752, type: 3}
  m_Name: 
  m_EditorClassIdentifier: 
  partMeshType: main
  setMaterialIndex: -1
--- !u!64 &2609040871181135067
MeshCollider:
  m_ObjectHideFlags: 0
  m_CorrespondingSourceObject: {fileID: 0}
  m_PrefabInstance: {fileID: 0}
  m_PrefabAsset: {fileID: 0}
  m_GameObject: {fileID: 5087602363131241554}
  m_Material: {fileID: 0}
  m_IsTrigger: 0
  m_Enabled: 1
  serializedVersion: 3
  m_Convex: 0
  m_CookingOptions: 14
  m_Mesh: {fileID: 4300006, guid: d29889342c96db948946b3e09b635f7d, type: 3}
--- !u!114 &8105806279005755261
MonoBehaviour:
  m_ObjectHideFlags: 0
  m_CorrespondingSourceObject: {fileID: 0}
  m_PrefabInstance: {fileID: 0}
  m_PrefabAsset: {fileID: 0}
  m_GameObject: {fileID: 5087602363131241554}
  m_Enabled: 1
  m_EditorHideFlags: 0
  m_Script: {fileID: 11500000, guid: 816c52b73d7a1de4d8f07430f0420752, type: 3}
  m_Name: 
  m_EditorClassIdentifier: 
  partMeshType: main
  setMaterialIndex: -1
--- !u!114 &8498339581404043918
MonoBehaviour:
  m_ObjectHideFlags: 0
  m_CorrespondingSourceObject: {fileID: 0}
  m_PrefabInstance: {fileID: 0}
  m_PrefabAsset: {fileID: 0}
  m_GameObject: {fileID: 5087602363131241556}
  m_Enabled: 1
  m_EditorHideFlags: 0
  m_Script: {fileID: 11500000, guid: 816c52b73d7a1de4d8f07430f0420752, type: 3}
  m_Name: 
  m_EditorClassIdentifier: 
  partMeshType: legs
  setMaterialIndex: -1
--- !u!114 &15563867280500500
MonoBehaviour:
  m_ObjectHideFlags: 0
  m_CorrespondingSourceObject: {fileID: 0}
  m_PrefabInstance: {fileID: 0}
  m_PrefabAsset: {fileID: 0}
  m_GameObject: {fileID: 5087602363131241558}
  m_Enabled: 1
  m_EditorHideFlags: 0
  m_Script: {fileID: 11500000, guid: 816c52b73d7a1de4d8f07430f0420752, type: 3}
  m_Name: 
  m_EditorClassIdentifier: 
  partMeshType: legs
  setMaterialIndex: -1
--- !u!114 &3161931134139183897
MonoBehaviour:
  m_ObjectHideFlags: 0
  m_CorrespondingSourceObject: {fileID: 0}
  m_PrefabInstance: {fileID: 0}
  m_PrefabAsset: {fileID: 0}
  m_GameObject: {fileID: 5087602363131241560}
  m_Enabled: 1
  m_EditorHideFlags: 0
  m_Script: {fileID: 11500000, guid: 816c52b73d7a1de4d8f07430f0420752, type: 3}
  m_Name: 
  m_EditorClassIdentifier: 
  partMeshType: legs
  setMaterialIndex: -1
--- !u!114 &7888892271688235617
MonoBehaviour:
  m_ObjectHideFlags: 0
  m_CorrespondingSourceObject: {fileID: 0}
  m_PrefabInstance: {fileID: 0}
  m_PrefabAsset: {fileID: 0}
  m_GameObject: {fileID: 5087602363131241562}
  m_Enabled: 1
  m_EditorHideFlags: 0
  m_Script: {fileID: 11500000, guid: 816c52b73d7a1de4d8f07430f0420752, type: 3}
  m_Name: 
  m_EditorClassIdentifier: 
  partMeshType: legs
  setMaterialIndex: -1
--- !u!114 &8439074249986263496
MonoBehaviour:
  m_ObjectHideFlags: 0
  m_CorrespondingSourceObject: {fileID: 0}
  m_PrefabInstance: {fileID: 0}
  m_PrefabAsset: {fileID: 0}
  m_GameObject: {fileID: 5087602363131241564}
  m_Enabled: 1
  m_EditorHideFlags: 0
  m_Script: {fileID: 11500000, guid: 298df71d7d1c94f47a9df2b26686031c, type: 3}
  m_Name: 
  m_EditorClassIdentifier: 
  type: 0
  connection: r
  partPointGUI: {fileID: 0}
  activateOnDisconnect:
  - {fileID: 5087602363131241562}
  connectedTo: {fileID: 0}
  part: {fileID: 0}
--- !u!1001 &5087602363131339516
PrefabInstance:
  m_ObjectHideFlags: 0
  serializedVersion: 2
  m_Modification:
    m_TransformParent: {fileID: 3878811776630828024}
    m_Modifications:
    - target: {fileID: 100002, guid: d29889342c96db948946b3e09b635f7d, type: 3}
      propertyPath: m_Name
      value: lezadlo
      objectReference: {fileID: 0}
    - target: {fileID: 100002, guid: d29889342c96db948946b3e09b635f7d, type: 3}
      propertyPath: m_Layer
      value: 9
      objectReference: {fileID: 0}
    - target: {fileID: 100000, guid: d29889342c96db948946b3e09b635f7d, type: 3}
      propertyPath: m_Layer
      value: 9
      objectReference: {fileID: 0}
    - target: {fileID: 100004, guid: d29889342c96db948946b3e09b635f7d, type: 3}
      propertyPath: m_Layer
      value: 9
      objectReference: {fileID: 0}
    - target: {fileID: 100006, guid: d29889342c96db948946b3e09b635f7d, type: 3}
      propertyPath: m_Layer
      value: 9
      objectReference: {fileID: 0}
    - target: {fileID: 100008, guid: d29889342c96db948946b3e09b635f7d, type: 3}
      propertyPath: m_Layer
      value: 9
      objectReference: {fileID: 0}
    - target: {fileID: 100010, guid: d29889342c96db948946b3e09b635f7d, type: 3}
      propertyPath: m_Layer
      value: 9
      objectReference: {fileID: 0}
    - target: {fileID: 100012, guid: d29889342c96db948946b3e09b635f7d, type: 3}
      propertyPath: m_Layer
      value: 9
      objectReference: {fileID: 0}
    - target: {fileID: 100014, guid: d29889342c96db948946b3e09b635f7d, type: 3}
      propertyPath: m_Layer
      value: 9
      objectReference: {fileID: 0}
    - target: {fileID: 100016, guid: d29889342c96db948946b3e09b635f7d, type: 3}
      propertyPath: m_Layer
      value: 9
      objectReference: {fileID: 0}
    - target: {fileID: 100018, guid: d29889342c96db948946b3e09b635f7d, type: 3}
      propertyPath: m_Layer
      value: 9
      objectReference: {fileID: 0}
    - target: {fileID: 100020, guid: d29889342c96db948946b3e09b635f7d, type: 3}
      propertyPath: m_Layer
      value: 9
      objectReference: {fileID: 0}
    - target: {fileID: 400002, guid: d29889342c96db948946b3e09b635f7d, type: 3}
      propertyPath: m_LocalPosition.x
      value: 0
      objectReference: {fileID: 0}
    - target: {fileID: 400002, guid: d29889342c96db948946b3e09b635f7d, type: 3}
      propertyPath: m_LocalPosition.y
      value: 0
      objectReference: {fileID: 0}
    - target: {fileID: 400002, guid: d29889342c96db948946b3e09b635f7d, type: 3}
      propertyPath: m_LocalPosition.z
      value: 0
      objectReference: {fileID: 0}
    - target: {fileID: 400002, guid: d29889342c96db948946b3e09b635f7d, type: 3}
      propertyPath: m_LocalRotation.x
      value: 0
      objectReference: {fileID: 0}
    - target: {fileID: 400002, guid: d29889342c96db948946b3e09b635f7d, type: 3}
      propertyPath: m_LocalRotation.y
      value: 0
      objectReference: {fileID: 0}
    - target: {fileID: 400002, guid: d29889342c96db948946b3e09b635f7d, type: 3}
      propertyPath: m_LocalRotation.z
      value: 0
      objectReference: {fileID: 0}
    - target: {fileID: 400002, guid: d29889342c96db948946b3e09b635f7d, type: 3}
      propertyPath: m_LocalRotation.w
      value: 1
      objectReference: {fileID: 0}
    - target: {fileID: 400002, guid: d29889342c96db948946b3e09b635f7d, type: 3}
      propertyPath: m_RootOrder
      value: 0
      objectReference: {fileID: 0}
    - target: {fileID: 400002, guid: d29889342c96db948946b3e09b635f7d, type: 3}
      propertyPath: m_LocalEulerAnglesHint.x
      value: 0
      objectReference: {fileID: 0}
    - target: {fileID: 400002, guid: d29889342c96db948946b3e09b635f7d, type: 3}
      propertyPath: m_LocalEulerAnglesHint.y
      value: 0
      objectReference: {fileID: 0}
    - target: {fileID: 400002, guid: d29889342c96db948946b3e09b635f7d, type: 3}
      propertyPath: m_LocalEulerAnglesHint.z
      value: 0
      objectReference: {fileID: 0}
    - target: {fileID: 400000, guid: d29889342c96db948946b3e09b635f7d, type: 3}
      propertyPath: m_LocalRotation.x
      value: -0
      objectReference: {fileID: 0}
    - target: {fileID: 400000, guid: d29889342c96db948946b3e09b635f7d, type: 3}
      propertyPath: m_LocalRotation.y
      value: -0.7071068
      objectReference: {fileID: 0}
    - target: {fileID: 400000, guid: d29889342c96db948946b3e09b635f7d, type: 3}
      propertyPath: m_LocalRotation.z
      value: -0.7071068
      objectReference: {fileID: 0}
    - target: {fileID: 400000, guid: d29889342c96db948946b3e09b635f7d, type: 3}
      propertyPath: m_LocalRotation.w
      value: 0
      objectReference: {fileID: 0}
    - target: {fileID: 400000, guid: d29889342c96db948946b3e09b635f7d, type: 3}
      propertyPath: m_LocalEulerAnglesHint.x
      value: -90
      objectReference: {fileID: 0}
    - target: {fileID: 400000, guid: d29889342c96db948946b3e09b635f7d, type: 3}
      propertyPath: m_LocalEulerAnglesHint.y
      value: 0
      objectReference: {fileID: 0}
    - target: {fileID: 400000, guid: d29889342c96db948946b3e09b635f7d, type: 3}
      propertyPath: m_LocalEulerAnglesHint.z
      value: -180
      objectReference: {fileID: 0}
    m_RemovedComponents: []
  m_SourcePrefab: {fileID: 100100000, guid: d29889342c96db948946b3e09b635f7d, type: 3}
--- !u!4 &5087602363131738238 stripped
Transform:
  m_CorrespondingSourceObject: {fileID: 400002, guid: d29889342c96db948946b3e09b635f7d,
    type: 3}
  m_PrefabInstance: {fileID: 5087602363131339516}
  m_PrefabAsset: {fileID: 0}
--- !u!1 &5087602363131241564 stripped
GameObject:
  m_CorrespondingSourceObject: {fileID: 100000, guid: d29889342c96db948946b3e09b635f7d,
    type: 3}
  m_PrefabInstance: {fileID: 5087602363131339516}
  m_PrefabAsset: {fileID: 0}
--- !u!1 &5087602363131241546 stripped
GameObject:
  m_CorrespondingSourceObject: {fileID: 100022, guid: d29889342c96db948946b3e09b635f7d,
    type: 3}
  m_PrefabInstance: {fileID: 5087602363131339516}
  m_PrefabAsset: {fileID: 0}
--- !u!1 &5087602363131241560 stripped
GameObject:
  m_CorrespondingSourceObject: {fileID: 100004, guid: d29889342c96db948946b3e09b635f7d,
    type: 3}
  m_PrefabInstance: {fileID: 5087602363131339516}
  m_PrefabAsset: {fileID: 0}
--- !u!1 &5087602363131241562 stripped
GameObject:
  m_CorrespondingSourceObject: {fileID: 100006, guid: d29889342c96db948946b3e09b635f7d,
    type: 3}
  m_PrefabInstance: {fileID: 5087602363131339516}
  m_PrefabAsset: {fileID: 0}
--- !u!1 &5087602363131241556 stripped
GameObject:
  m_CorrespondingSourceObject: {fileID: 100008, guid: d29889342c96db948946b3e09b635f7d,
    type: 3}
  m_PrefabInstance: {fileID: 5087602363131339516}
  m_PrefabAsset: {fileID: 0}
--- !u!1 &5087602363131241558 stripped
GameObject:
  m_CorrespondingSourceObject: {fileID: 100010, guid: d29889342c96db948946b3e09b635f7d,
    type: 3}
  m_PrefabInstance: {fileID: 5087602363131339516}
  m_PrefabAsset: {fileID: 0}
--- !u!1 &5087602363131241552 stripped
GameObject:
  m_CorrespondingSourceObject: {fileID: 100012, guid: d29889342c96db948946b3e09b635f7d,
    type: 3}
  m_PrefabInstance: {fileID: 5087602363131339516}
  m_PrefabAsset: {fileID: 0}
--- !u!1 &5087602363131241554 stripped
GameObject:
  m_CorrespondingSourceObject: {fileID: 100014, guid: d29889342c96db948946b3e09b635f7d,
    type: 3}
  m_PrefabInstance: {fileID: 5087602363131339516}
  m_PrefabAsset: {fileID: 0}
--- !u!1 &5087602363131241548 stripped
GameObject:
  m_CorrespondingSourceObject: {fileID: 100016, guid: d29889342c96db948946b3e09b635f7d,
    type: 3}
  m_PrefabInstance: {fileID: 5087602363131339516}
  m_PrefabAsset: {fileID: 0}
--- !u!1 &5087602363131241550 stripped
GameObject:
  m_CorrespondingSourceObject: {fileID: 100018, guid: d29889342c96db948946b3e09b635f7d,
    type: 3}
  m_PrefabInstance: {fileID: 5087602363131339516}
  m_PrefabAsset: {fileID: 0}
--- !u!1 &5087602363131241544 stripped
GameObject:
  m_CorrespondingSourceObject: {fileID: 100020, guid: d29889342c96db948946b3e09b635f7d,
    type: 3}
  m_PrefabInstance: {fileID: 5087602363131339516}
  m_PrefabAsset: {fileID: 0}
