%YAML 1.1
%TAG !u! tag:unity3d.com,2011:
--- !u!1 &3941201162069088820
GameObject:
  m_ObjectHideFlags: 0
  m_CorrespondingSourceObject: {fileID: 0}
  m_PrefabInstance: {fileID: 0}
  m_PrefabAsset: {fileID: 0}
  serializedVersion: 6
  m_Component:
  - component: {fileID: 3878811776630828024}
  - component: {fileID: 2957397191382195132}
  m_Layer: 9
  m_Name: ukoncenie 1
  m_TagString: Untagged
  m_Icon: {fileID: 0}
  m_NavMeshLayer: 0
  m_StaticEditorFlags: 0
  m_IsActive: 1
--- !u!4 &3878811776630828024
Transform:
  m_ObjectHideFlags: 0
  m_CorrespondingSourceObject: {fileID: 0}
  m_PrefabInstance: {fileID: 0}
  m_PrefabAsset: {fileID: 0}
  m_GameObject: {fileID: 3941201162069088820}
  m_LocalRotation: {x: 0, y: 1, z: 0, w: 0}
  m_LocalPosition: {x: 0, y: 0, z: 0}
  m_LocalScale: {x: 1, y: 1, z: 1}
  m_Children:
  - {fileID: 6569538777471874750}
  m_Father: {fileID: 0}
  m_RootOrder: 0
  m_LocalEulerAnglesHint: {x: 0, y: 180, z: 0}
--- !u!114 &2957397191382195132
MonoBehaviour:
  m_ObjectHideFlags: 0
  m_CorrespondingSourceObject: {fileID: 0}
  m_PrefabInstance: {fileID: 0}
  m_PrefabAsset: {fileID: 0}
  m_GameObject: {fileID: 3941201162069088820}
  m_Enabled: 1
  m_EditorHideFlags: 0
  m_Script: {fileID: 11500000, guid: de305606890b87e42a58c187eba6fe10, type: 3}
  m_Name: 
  m_EditorClassIdentifier: 
  partName: Otoman P
  partDescription: 
  dimensions: {x: 1.02, y: 0, z: 0.9}
  image: {fileID: 21300000, guid: dbd5d22505f6acc45bbb06c76c14da83, type: 3}
  type: 0
  partPoints:
  - {fileID: 4213574540923347098}
  canBeStandalone: 1
  OnPartPointConnect:
    m_PersistentCalls:
      m_Calls: []
    m_TypeName: UnityEngine.Events.UnityEvent, UnityEngine.CoreModule, Version=0.0.0.0,
      Culture=neutral, PublicKeyToken=null
--- !u!114 &2079882753717613175
MonoBehaviour:
  m_ObjectHideFlags: 0
  m_CorrespondingSourceObject: {fileID: 0}
  m_PrefabInstance: {fileID: 0}
  m_PrefabAsset: {fileID: 0}
  m_GameObject: {fileID: 6569538777471707776}
  m_Enabled: 1
  m_EditorHideFlags: 0
  m_Script: {fileID: 11500000, guid: 816c52b73d7a1de4d8f07430f0420752, type: 3}
  m_Name: 
  m_EditorClassIdentifier: 
  partMeshType: legs
  setMaterialIndex: -1
--- !u!114 &3953885902411219784
MonoBehaviour:
  m_ObjectHideFlags: 0
  m_CorrespondingSourceObject: {fileID: 0}
  m_PrefabInstance: {fileID: 0}
  m_PrefabAsset: {fileID: 0}
  m_GameObject: {fileID: 6569538777471707778}
  m_Enabled: 1
  m_EditorHideFlags: 0
  m_Script: {fileID: 11500000, guid: 816c52b73d7a1de4d8f07430f0420752, type: 3}
  m_Name: 
  m_EditorClassIdentifier: 
  partMeshType: legs
  setMaterialIndex: -1
--- !u!114 &5456597086597389968
MonoBehaviour:
  m_ObjectHideFlags: 0
  m_CorrespondingSourceObject: {fileID: 0}
  m_PrefabInstance: {fileID: 0}
  m_PrefabAsset: {fileID: 0}
  m_GameObject: {fileID: 6569538777471707780}
  m_Enabled: 1
  m_EditorHideFlags: 0
  m_Script: {fileID: 11500000, guid: 298df71d7d1c94f47a9df2b26686031c, type: 3}
  m_Name: 
  m_EditorClassIdentifier: 
  type: 1
  connection: l
  partPointGUI: {fileID: 0}
  activateOnDisconnect: []
  connectedTo: {fileID: 0}
  part: {fileID: 0}
--- !u!114 &823993494592672913
MonoBehaviour:
  m_ObjectHideFlags: 0
  m_CorrespondingSourceObject: {fileID: 0}
  m_PrefabInstance: {fileID: 0}
  m_PrefabAsset: {fileID: 0}
  m_GameObject: {fileID: 6569538777471707782}
  m_Enabled: 1
  m_EditorHideFlags: 0
  m_Script: {fileID: 11500000, guid: 816c52b73d7a1de4d8f07430f0420752, type: 3}
  m_Name: 
  m_EditorClassIdentifier: 
  partMeshType: legs
  setMaterialIndex: -1
--- !u!114 &4213574540923347098
MonoBehaviour:
  m_ObjectHideFlags: 0
  m_CorrespondingSourceObject: {fileID: 0}
  m_PrefabInstance: {fileID: 0}
  m_PrefabAsset: {fileID: 0}
  m_GameObject: {fileID: 6569538777471707794}
  m_Enabled: 1
  m_EditorHideFlags: 0
  m_Script: {fileID: 11500000, guid: 298df71d7d1c94f47a9df2b26686031c, type: 3}
  m_Name: 
  m_EditorClassIdentifier: 
  type: 0
  connection: l
  partPointGUI: {fileID: 0}
  activateOnDisconnect:
  - {fileID: 6569538777471707782}
  - {fileID: 6569538777471707776}
  connectedTo: {fileID: 0}
  part: {fileID: 0}
--- !u!64 &3106926194081055896
MeshCollider:
  m_ObjectHideFlags: 0
  m_CorrespondingSourceObject: {fileID: 0}
  m_PrefabInstance: {fileID: 0}
  m_PrefabAsset: {fileID: 0}
  m_GameObject: {fileID: 6569538777471707796}
  m_Material: {fileID: 0}
  m_IsTrigger: 0
  m_Enabled: 1
  serializedVersion: 3
  m_Convex: 0
  m_CookingOptions: 14
  m_Mesh: {fileID: 4300002, guid: c9459a94498d3a74488cc0de3ad9fe25, type: 3}
--- !u!114 &3077987050670463150
MonoBehaviour:
  m_ObjectHideFlags: 0
  m_CorrespondingSourceObject: {fileID: 0}
  m_PrefabInstance: {fileID: 0}
  m_PrefabAsset: {fileID: 0}
  m_GameObject: {fileID: 6569538777471707796}
  m_Enabled: 1
  m_EditorHideFlags: 0
  m_Script: {fileID: 11500000, guid: 816c52b73d7a1de4d8f07430f0420752, type: 3}
  m_Name: 
  m_EditorClassIdentifier: 
  partMeshType: main
  setMaterialIndex: -1
--- !u!64 &2574136357946902717
MeshCollider:
  m_ObjectHideFlags: 0
  m_CorrespondingSourceObject: {fileID: 0}
  m_PrefabInstance: {fileID: 0}
  m_PrefabAsset: {fileID: 0}
  m_GameObject: {fileID: 6569538777471707798}
  m_Material: {fileID: 0}
  m_IsTrigger: 0
  m_Enabled: 1
  serializedVersion: 3
  m_Convex: 0
  m_CookingOptions: 14
  m_Mesh: {fileID: 4300000, guid: c9459a94498d3a74488cc0de3ad9fe25, type: 3}
--- !u!114 &5964567201601660930
MonoBehaviour:
  m_ObjectHideFlags: 0
  m_CorrespondingSourceObject: {fileID: 0}
  m_PrefabInstance: {fileID: 0}
  m_PrefabAsset: {fileID: 0}
  m_GameObject: {fileID: 6569538777471707798}
  m_Enabled: 1
  m_EditorHideFlags: 0
  m_Script: {fileID: 11500000, guid: 816c52b73d7a1de4d8f07430f0420752, type: 3}
  m_Name: 
  m_EditorClassIdentifier: 
  partMeshType: main
  setMaterialIndex: -1
--- !u!64 &1178472870289566275
MeshCollider:
  m_ObjectHideFlags: 0
  m_CorrespondingSourceObject: {fileID: 0}
  m_PrefabInstance: {fileID: 0}
  m_PrefabAsset: {fileID: 0}
  m_GameObject: {fileID: 6569538777471707800}
  m_Material: {fileID: 0}
  m_IsTrigger: 0
  m_Enabled: 1
  serializedVersion: 3
  m_Convex: 0
  m_CookingOptions: 14
  m_Mesh: {fileID: 4300006, guid: c9459a94498d3a74488cc0de3ad9fe25, type: 3}
--- !u!114 &4552952508914309900
MonoBehaviour:
  m_ObjectHideFlags: 0
  m_CorrespondingSourceObject: {fileID: 0}
  m_PrefabInstance: {fileID: 0}
  m_PrefabAsset: {fileID: 0}
  m_GameObject: {fileID: 6569538777471707800}
  m_Enabled: 1
  m_EditorHideFlags: 0
  m_Script: {fileID: 11500000, guid: 816c52b73d7a1de4d8f07430f0420752, type: 3}
  m_Name: 
  m_EditorClassIdentifier: 
  partMeshType: main
  setMaterialIndex: -1
--- !u!64 &7423643486822906390
MeshCollider:
  m_ObjectHideFlags: 0
  m_CorrespondingSourceObject: {fileID: 0}
  m_PrefabInstance: {fileID: 0}
  m_PrefabAsset: {fileID: 0}
  m_GameObject: {fileID: 6569538777471707802}
  m_Material: {fileID: 0}
  m_IsTrigger: 0
  m_Enabled: 1
  serializedVersion: 3
  m_Convex: 0
  m_CookingOptions: 14
  m_Mesh: {fileID: 4300004, guid: c9459a94498d3a74488cc0de3ad9fe25, type: 3}
--- !u!114 &5432097486509188916
MonoBehaviour:
  m_ObjectHideFlags: 0
  m_CorrespondingSourceObject: {fileID: 0}
  m_PrefabInstance: {fileID: 0}
  m_PrefabAsset: {fileID: 0}
  m_GameObject: {fileID: 6569538777471707802}
  m_Enabled: 1
  m_EditorHideFlags: 0
  m_Script: {fileID: 11500000, guid: 816c52b73d7a1de4d8f07430f0420752, type: 3}
  m_Name: 
  m_EditorClassIdentifier: 
  partMeshType: main
  setMaterialIndex: -1
--- !u!114 &590104028421258103
MonoBehaviour:
  m_ObjectHideFlags: 0
  m_CorrespondingSourceObject: {fileID: 0}
  m_PrefabInstance: {fileID: 0}
  m_PrefabAsset: {fileID: 0}
  m_GameObject: {fileID: 6569538777471707804}
  m_Enabled: 1
  m_EditorHideFlags: 0
  m_Script: {fileID: 11500000, guid: 816c52b73d7a1de4d8f07430f0420752, type: 3}
  m_Name: 
  m_EditorClassIdentifier: 
  partMeshType: legs
  setMaterialIndex: -1
--- !u!1001 &6569538777471740978
PrefabInstance:
  m_ObjectHideFlags: 0
  serializedVersion: 2
  m_Modification:
    m_TransformParent: {fileID: 3878811776630828024}
    m_Modifications:
    - target: {fileID: 100012, guid: c9459a94498d3a74488cc0de3ad9fe25, type: 3}
      propertyPath: m_Name
      value: ukoncenie
      objectReference: {fileID: 0}
    - target: {fileID: 100012, guid: c9459a94498d3a74488cc0de3ad9fe25, type: 3}
      propertyPath: m_Layer
      value: 9
      objectReference: {fileID: 0}
    - target: {fileID: 100000, guid: c9459a94498d3a74488cc0de3ad9fe25, type: 3}
      propertyPath: m_Layer
      value: 9
      objectReference: {fileID: 0}
    - target: {fileID: 100014, guid: c9459a94498d3a74488cc0de3ad9fe25, type: 3}
      propertyPath: m_Layer
      value: 9
      objectReference: {fileID: 0}
    - target: {fileID: 100016, guid: c9459a94498d3a74488cc0de3ad9fe25, type: 3}
      propertyPath: m_Layer
      value: 9
      objectReference: {fileID: 0}
    - target: {fileID: 100018, guid: c9459a94498d3a74488cc0de3ad9fe25, type: 3}
      propertyPath: m_Layer
      value: 9
      objectReference: {fileID: 0}
    - target: {fileID: 100020, guid: c9459a94498d3a74488cc0de3ad9fe25, type: 3}
      propertyPath: m_Layer
      value: 9
      objectReference: {fileID: 0}
    - target: {fileID: 100004, guid: c9459a94498d3a74488cc0de3ad9fe25, type: 3}
      propertyPath: m_Layer
      value: 9
      objectReference: {fileID: 0}
    - target: {fileID: 100006, guid: c9459a94498d3a74488cc0de3ad9fe25, type: 3}
      propertyPath: m_Layer
      value: 9
      objectReference: {fileID: 0}
    - target: {fileID: 100008, guid: c9459a94498d3a74488cc0de3ad9fe25, type: 3}
      propertyPath: m_Layer
      value: 9
      objectReference: {fileID: 0}
    - target: {fileID: 100010, guid: c9459a94498d3a74488cc0de3ad9fe25, type: 3}
      propertyPath: m_Layer
      value: 9
      objectReference: {fileID: 0}
    - target: {fileID: 400012, guid: c9459a94498d3a74488cc0de3ad9fe25, type: 3}
      propertyPath: m_LocalPosition.x
      value: 0
      objectReference: {fileID: 0}
    - target: {fileID: 400012, guid: c9459a94498d3a74488cc0de3ad9fe25, type: 3}
      propertyPath: m_LocalPosition.y
      value: 0
      objectReference: {fileID: 0}
    - target: {fileID: 400012, guid: c9459a94498d3a74488cc0de3ad9fe25, type: 3}
      propertyPath: m_LocalPosition.z
      value: 0
      objectReference: {fileID: 0}
    - target: {fileID: 400012, guid: c9459a94498d3a74488cc0de3ad9fe25, type: 3}
      propertyPath: m_LocalRotation.x
      value: 0
      objectReference: {fileID: 0}
    - target: {fileID: 400012, guid: c9459a94498d3a74488cc0de3ad9fe25, type: 3}
      propertyPath: m_LocalRotation.y
      value: 0
      objectReference: {fileID: 0}
    - target: {fileID: 400012, guid: c9459a94498d3a74488cc0de3ad9fe25, type: 3}
      propertyPath: m_LocalRotation.z
      value: 0
      objectReference: {fileID: 0}
    - target: {fileID: 400012, guid: c9459a94498d3a74488cc0de3ad9fe25, type: 3}
      propertyPath: m_LocalRotation.w
      value: 1
      objectReference: {fileID: 0}
    - target: {fileID: 400012, guid: c9459a94498d3a74488cc0de3ad9fe25, type: 3}
      propertyPath: m_RootOrder
      value: 0
      objectReference: {fileID: 0}
    - target: {fileID: 400012, guid: c9459a94498d3a74488cc0de3ad9fe25, type: 3}
      propertyPath: m_LocalEulerAnglesHint.x
      value: 0
      objectReference: {fileID: 0}
    - target: {fileID: 400012, guid: c9459a94498d3a74488cc0de3ad9fe25, type: 3}
      propertyPath: m_LocalEulerAnglesHint.y
      value: 0
      objectReference: {fileID: 0}
    - target: {fileID: 400012, guid: c9459a94498d3a74488cc0de3ad9fe25, type: 3}
      propertyPath: m_LocalEulerAnglesHint.z
      value: 0
      objectReference: {fileID: 0}
    - target: {fileID: 400012, guid: c9459a94498d3a74488cc0de3ad9fe25, type: 3}
      propertyPath: m_LocalScale.x
      value: -1
      objectReference: {fileID: 0}
    - target: {fileID: 100002, guid: c9459a94498d3a74488cc0de3ad9fe25, type: 3}
      propertyPath: m_Layer
      value: 9
      objectReference: {fileID: 0}
    - target: {fileID: 2300000, guid: c9459a94498d3a74488cc0de3ad9fe25, type: 3}
      propertyPath: m_Materials.Array.data[1]
      value: 
      objectReference: {fileID: 2100000, guid: 1c67c815f66d9d342a73b6552979ff21, type: 2}
    m_RemovedComponents: []
  m_SourcePrefab: {fileID: 100100000, guid: c9459a94498d3a74488cc0de3ad9fe25, type: 3}
--- !u!4 &6569538777471874750 stripped
Transform:
  m_CorrespondingSourceObject: {fileID: 400012, guid: c9459a94498d3a74488cc0de3ad9fe25,
    type: 3}
  m_PrefabInstance: {fileID: 6569538777471740978}
  m_PrefabAsset: {fileID: 0}
--- !u!1 &6569538777471707794 stripped
GameObject:
  m_CorrespondingSourceObject: {fileID: 100000, guid: c9459a94498d3a74488cc0de3ad9fe25,
    type: 3}
  m_PrefabInstance: {fileID: 6569538777471740978}
  m_PrefabAsset: {fileID: 0}
--- !u!1 &6569538777471707780 stripped
GameObject:
  m_CorrespondingSourceObject: {fileID: 100022, guid: c9459a94498d3a74488cc0de3ad9fe25,
    type: 3}
  m_PrefabInstance: {fileID: 6569538777471740978}
  m_PrefabAsset: {fileID: 0}
--- !u!1 &6569538777471707804 stripped
GameObject:
  m_CorrespondingSourceObject: {fileID: 100014, guid: c9459a94498d3a74488cc0de3ad9fe25,
    type: 3}
  m_PrefabInstance: {fileID: 6569538777471740978}
  m_PrefabAsset: {fileID: 0}
--- !u!1 &6569538777471707778 stripped
GameObject:
  m_CorrespondingSourceObject: {fileID: 100016, guid: c9459a94498d3a74488cc0de3ad9fe25,
    type: 3}
  m_PrefabInstance: {fileID: 6569538777471740978}
  m_PrefabAsset: {fileID: 0}
--- !u!1 &6569538777471707776 stripped
GameObject:
  m_CorrespondingSourceObject: {fileID: 100018, guid: c9459a94498d3a74488cc0de3ad9fe25,
    type: 3}
  m_PrefabInstance: {fileID: 6569538777471740978}
  m_PrefabAsset: {fileID: 0}
--- !u!1 &6569538777471707782 stripped
GameObject:
  m_CorrespondingSourceObject: {fileID: 100020, guid: c9459a94498d3a74488cc0de3ad9fe25,
    type: 3}
  m_PrefabInstance: {fileID: 6569538777471740978}
  m_PrefabAsset: {fileID: 0}
--- !u!1 &6569538777471707798 stripped
GameObject:
  m_CorrespondingSourceObject: {fileID: 100004, guid: c9459a94498d3a74488cc0de3ad9fe25,
    type: 3}
  m_PrefabInstance: {fileID: 6569538777471740978}
  m_PrefabAsset: {fileID: 0}
--- !u!1 &6569538777471707796 stripped
GameObject:
  m_CorrespondingSourceObject: {fileID: 100006, guid: c9459a94498d3a74488cc0de3ad9fe25,
    type: 3}
  m_PrefabInstance: {fileID: 6569538777471740978}
  m_PrefabAsset: {fileID: 0}
--- !u!1 &6569538777471707802 stripped
GameObject:
  m_CorrespondingSourceObject: {fileID: 100008, guid: c9459a94498d3a74488cc0de3ad9fe25,
    type: 3}
  m_PrefabInstance: {fileID: 6569538777471740978}
  m_PrefabAsset: {fileID: 0}
--- !u!1 &6569538777471707800 stripped
GameObject:
  m_CorrespondingSourceObject: {fileID: 100010, guid: c9459a94498d3a74488cc0de3ad9fe25,
    type: 3}
  m_PrefabInstance: {fileID: 6569538777471740978}
  m_PrefabAsset: {fileID: 0}
