%YAML 1.1
%TAG !u! tag:unity3d.com,2011:
--- !u!64 &6152765932460753330
MeshCollider:
  m_ObjectHideFlags: 0
  m_CorrespondingSourceObject: {fileID: 0}
  m_PrefabInstance: {fileID: 0}
  m_PrefabAsset: {fileID: 0}
  m_GameObject: {fileID: 693881438979305103}
  m_Material: {fileID: 0}
  m_IsTrigger: 0
  m_Enabled: 1
  serializedVersion: 3
  m_Convex: 0
  m_CookingOptions: 14
  m_Mesh: {fileID: -765015760899914920, guid: 4dc9925b770ab3341a0d0da29de2ea95, type: 3}
--- !u!114 &2301319739839203053
MonoBehaviour:
  m_ObjectHideFlags: 0
  m_CorrespondingSourceObject: {fileID: 0}
  m_PrefabInstance: {fileID: 0}
  m_PrefabAsset: {fileID: 0}
  m_GameObject: {fileID: 693881438979305103}
  m_Enabled: 1
  m_EditorHideFlags: 0
  m_Script: {fileID: 11500000, guid: 816c52b73d7a1de4d8f07430f0420752, type: 3}
  m_Name: 
  m_EditorClassIdentifier: 
  partMeshType: main
  setMaterialIndex: -1
  setMaterialIndex2: -1
--- !u!114 &2768909602625254997
MonoBehaviour:
  m_ObjectHideFlags: 0
  m_CorrespondingSourceObject: {fileID: 0}
  m_PrefabInstance: {fileID: 0}
  m_PrefabAsset: {fileID: 0}
  m_GameObject: {fileID: 693881438979305103}
  m_Enabled: 1
  m_EditorHideFlags: 0
  m_Script: {fileID: 11500000, guid: 1030b2116dfab9343be14c0d0839ab5e, type: 3}
  m_Name: 
  m_EditorClassIdentifier: 
  ActivateObject: {fileID: 1081336392523933980}
  deactivateOnStart: 0
  DeactivateObjectInsteadOfThis: {fileID: 0}
--- !u!64 &1515316568234619920
MeshCollider:
  m_ObjectHideFlags: 0
  m_CorrespondingSourceObject: {fileID: 0}
  m_PrefabInstance: {fileID: 0}
  m_PrefabAsset: {fileID: 0}
  m_GameObject: {fileID: 778667569246934792}
  m_Material: {fileID: 0}
  m_IsTrigger: 0
  m_Enabled: 1
  serializedVersion: 3
  m_Convex: 0
  m_CookingOptions: 14
  m_Mesh: {fileID: -6036522309505642914, guid: 4dc9925b770ab3341a0d0da29de2ea95, type: 3}
--- !u!114 &3491134421122088280
MonoBehaviour:
  m_ObjectHideFlags: 0
  m_CorrespondingSourceObject: {fileID: 0}
  m_PrefabInstance: {fileID: 0}
  m_PrefabAsset: {fileID: 0}
  m_GameObject: {fileID: 778667569246934792}
  m_Enabled: 1
  m_EditorHideFlags: 0
  m_Script: {fileID: 11500000, guid: 816c52b73d7a1de4d8f07430f0420752, type: 3}
  m_Name: 
  m_EditorClassIdentifier: 
  partMeshType: main
  setMaterialIndex: -1
  setMaterialIndex2: -1
--- !u!64 &6933371319732659096
MeshCollider:
  m_ObjectHideFlags: 0
  m_CorrespondingSourceObject: {fileID: 0}
  m_PrefabInstance: {fileID: 0}
  m_PrefabAsset: {fileID: 0}
  m_GameObject: {fileID: 1081336392523933980}
  m_Material: {fileID: 0}
  m_IsTrigger: 0
  m_Enabled: 1
  serializedVersion: 3
  m_Convex: 0
  m_CookingOptions: 14
  m_Mesh: {fileID: -4390642832396076387, guid: 4dc9925b770ab3341a0d0da29de2ea95, type: 3}
--- !u!114 &2507065275579484815
MonoBehaviour:
  m_ObjectHideFlags: 0
  m_CorrespondingSourceObject: {fileID: 0}
  m_PrefabInstance: {fileID: 0}
  m_PrefabAsset: {fileID: 0}
  m_GameObject: {fileID: 1081336392523933980}
  m_Enabled: 1
  m_EditorHideFlags: 0
  m_Script: {fileID: 11500000, guid: 816c52b73d7a1de4d8f07430f0420752, type: 3}
  m_Name: 
  m_EditorClassIdentifier: 
  partMeshType: main
  setMaterialIndex: -1
  setMaterialIndex2: -1
--- !u!114 &8937875189974259797
MonoBehaviour:
  m_ObjectHideFlags: 0
  m_CorrespondingSourceObject: {fileID: 0}
  m_PrefabInstance: {fileID: 0}
  m_PrefabAsset: {fileID: 0}
  m_GameObject: {fileID: 1081336392523933980}
  m_Enabled: 1
  m_EditorHideFlags: 0
  m_Script: {fileID: 11500000, guid: 1030b2116dfab9343be14c0d0839ab5e, type: 3}
  m_Name: 
  m_EditorClassIdentifier: 
  ActivateObject: {fileID: 693881438979305103}
  deactivateOnStart: 0
  DeactivateObjectInsteadOfThis: {fileID: 0}
--- !u!64 &2844965127929985249
MeshCollider:
  m_ObjectHideFlags: 0
  m_CorrespondingSourceObject: {fileID: 0}
  m_PrefabInstance: {fileID: 0}
  m_PrefabAsset: {fileID: 0}
  m_GameObject: {fileID: 3570915085666284366}
  m_Material: {fileID: 0}
  m_IsTrigger: 0
  m_Enabled: 1
  serializedVersion: 3
  m_Convex: 0
  m_CookingOptions: 14
  m_Mesh: {fileID: 6876356914475029372, guid: 4dc9925b770ab3341a0d0da29de2ea95, type: 3}
--- !u!114 &6743070720666136471
MonoBehaviour:
  m_ObjectHideFlags: 0
  m_CorrespondingSourceObject: {fileID: 0}
  m_PrefabInstance: {fileID: 0}
  m_PrefabAsset: {fileID: 0}
  m_GameObject: {fileID: 3570915085666284366}
  m_Enabled: 1
  m_EditorHideFlags: 0
  m_Script: {fileID: 11500000, guid: 816c52b73d7a1de4d8f07430f0420752, type: 3}
  m_Name: 
  m_EditorClassIdentifier: 
  partMeshType: main
  setMaterialIndex: -1
  setMaterialIndex2: -1
--- !u!1 &5200700584865977448
GameObject:
  m_ObjectHideFlags: 0
  m_CorrespondingSourceObject: {fileID: 0}
  m_PrefabInstance: {fileID: 0}
  m_PrefabAsset: {fileID: 0}
  serializedVersion: 6
  m_Component:
  - component: {fileID: 3144222938594247421}
  - component: {fileID: 4163270496018580017}
  - component: {fileID: 8367845459107342095}
  - component: {fileID: 3746613995407373584}
  - component: {fileID: 7091832662329921126}
  m_Layer: 9
  m_Name: Kreslo_Spodny Part_R
  m_TagString: Untagged
  m_Icon: {fileID: 0}
  m_NavMeshLayer: 0
  m_StaticEditorFlags: 0
  m_IsActive: 0
--- !u!4 &3144222938594247421
Transform:
  m_ObjectHideFlags: 0
  m_CorrespondingSourceObject: {fileID: 0}
  m_PrefabInstance: {fileID: 0}
  m_PrefabAsset: {fileID: 0}
  m_GameObject: {fileID: 5200700584865977448}
  m_LocalRotation: {x: 0, y: -0, z: -0, w: 1}
  m_LocalPosition: {x: -0, y: 0.14999999, z: -0.000000006556708}
  m_LocalScale: {x: -1, y: 1, z: 1}
  m_Children: []
  m_Father: {fileID: 3817710882876956437}
  m_RootOrder: 5
  m_LocalEulerAnglesHint: {x: 0, y: 0, z: 0}
--- !u!33 &4163270496018580017
MeshFilter:
  m_ObjectHideFlags: 0
  m_CorrespondingSourceObject: {fileID: 0}
  m_PrefabInstance: {fileID: 0}
  m_PrefabAsset: {fileID: 0}
  m_GameObject: {fileID: 5200700584865977448}
  m_Mesh: {fileID: 6876356914475029372, guid: 4dc9925b770ab3341a0d0da29de2ea95, type: 3}
--- !u!23 &8367845459107342095
MeshRenderer:
  m_ObjectHideFlags: 0
  m_CorrespondingSourceObject: {fileID: 0}
  m_PrefabInstance: {fileID: 0}
  m_PrefabAsset: {fileID: 0}
  m_GameObject: {fileID: 5200700584865977448}
  m_Enabled: 1
  m_CastShadows: 1
  m_ReceiveShadows: 1
  m_DynamicOccludee: 1
  m_MotionVectors: 1
  m_LightProbeUsage: 1
  m_ReflectionProbeUsage: 1
  m_RenderingLayerMask: 1
  m_RendererPriority: 0
  m_Materials:
  - {fileID: 2100000, guid: 265f73e3aaf5176429a5e5901e841c36, type: 2}
  m_StaticBatchInfo:
    firstSubMesh: 0
    subMeshCount: 0
  m_StaticBatchRoot: {fileID: 0}
  m_ProbeAnchor: {fileID: 0}
  m_LightProbeVolumeOverride: {fileID: 0}
  m_ScaleInLightmap: 1
  m_ReceiveGI: 1
  m_PreserveUVs: 0
  m_IgnoreNormalsForChartDetection: 0
  m_ImportantGI: 0
  m_StitchLightmapSeams: 1
  m_SelectedEditorRenderState: 3
  m_MinimumChartSize: 4
  m_AutoUVMaxDistance: 0.5
  m_AutoUVMaxAngle: 89
  m_LightmapParameters: {fileID: 0}
  m_SortingLayerID: 0
  m_SortingLayer: 0
  m_SortingOrder: 0
--- !u!64 &3746613995407373584
MeshCollider:
  m_ObjectHideFlags: 0
  m_CorrespondingSourceObject: {fileID: 0}
  m_PrefabInstance: {fileID: 0}
  m_PrefabAsset: {fileID: 0}
  m_GameObject: {fileID: 5200700584865977448}
  m_Material: {fileID: 0}
  m_IsTrigger: 0
  m_Enabled: 1
  serializedVersion: 3
  m_Convex: 0
  m_CookingOptions: 14
  m_Mesh: {fileID: 6876356914475029372, guid: 4dc9925b770ab3341a0d0da29de2ea95, type: 3}
--- !u!114 &7091832662329921126
MonoBehaviour:
  m_ObjectHideFlags: 0
  m_CorrespondingSourceObject: {fileID: 0}
  m_PrefabInstance: {fileID: 0}
  m_PrefabAsset: {fileID: 0}
  m_GameObject: {fileID: 5200700584865977448}
  m_Enabled: 1
  m_EditorHideFlags: 0
  m_Script: {fileID: 11500000, guid: 816c52b73d7a1de4d8f07430f0420752, type: 3}
  m_Name: 
  m_EditorClassIdentifier: 
  partMeshType: main
  setMaterialIndex: -1
  setMaterialIndex2: -1
--- !u!114 &5102642651795878811
MonoBehaviour:
  m_ObjectHideFlags: 0
  m_CorrespondingSourceObject: {fileID: 0}
  m_PrefabInstance: {fileID: 0}
  m_PrefabAsset: {fileID: 0}
  m_GameObject: {fileID: 5438456909670535186}
  m_Enabled: 1
  m_EditorHideFlags: 0
  m_Script: {fileID: 11500000, guid: 816c52b73d7a1de4d8f07430f0420752, type: 3}
  m_Name: 
  m_EditorClassIdentifier: 
  partMeshType: main
  setMaterialIndex: -1
  setMaterialIndex2: -1
--- !u!64 &173260197184421343
MeshCollider:
  m_ObjectHideFlags: 0
  m_CorrespondingSourceObject: {fileID: 0}
  m_PrefabInstance: {fileID: 0}
  m_PrefabAsset: {fileID: 0}
  m_GameObject: {fileID: 5772111830853728176}
  m_Material: {fileID: 0}
  m_IsTrigger: 0
  m_Enabled: 1
  serializedVersion: 3
  m_Convex: 0
  m_CookingOptions: 14
  m_Mesh: {fileID: 144832681578060395, guid: 4dc9925b770ab3341a0d0da29de2ea95, type: 3}
--- !u!114 &5337316048688054565
MonoBehaviour:
  m_ObjectHideFlags: 0
  m_CorrespondingSourceObject: {fileID: 0}
  m_PrefabInstance: {fileID: 0}
  m_PrefabAsset: {fileID: 0}
  m_GameObject: {fileID: 5772111830853728176}
  m_Enabled: 1
  m_EditorHideFlags: 0
  m_Script: {fileID: 11500000, guid: 816c52b73d7a1de4d8f07430f0420752, type: 3}
  m_Name: 
  m_EditorClassIdentifier: 
  partMeshType: main
  setMaterialIndex: -1
  setMaterialIndex2: -1
--- !u!114 &1850741379534961423
MonoBehaviour:
  m_ObjectHideFlags: 0
  m_CorrespondingSourceObject: {fileID: 0}
  m_PrefabInstance: {fileID: 0}
  m_PrefabAsset: {fileID: 0}
  m_GameObject: {fileID: 5833291724295306281}
  m_Enabled: 1
  m_EditorHideFlags: 0
  m_Script: {fileID: 11500000, guid: 298df71d7d1c94f47a9df2b26686031c, type: 3}
  m_Name: 
  m_EditorClassIdentifier: 
  type: 0
  connection: r
  allowedCategories: []
  disallowedCategories: []
  partPointGUI: {fileID: 0}
  activateOnDisconnect:
  - {fileID: 1345901922895001372}
  connectedTo: {fileID: 0}
  part: {fileID: 0}
--- !u!114 &8028984964873026497
MonoBehaviour:
  m_ObjectHideFlags: 0
  m_CorrespondingSourceObject: {fileID: 0}
  m_PrefabInstance: {fileID: 0}
  m_PrefabAsset: {fileID: 0}
  m_GameObject: {fileID: 7133259946051782984}
  m_Enabled: 1
  m_EditorHideFlags: 0
  m_Script: {fileID: 11500000, guid: 816c52b73d7a1de4d8f07430f0420752, type: 3}
  m_Name: 
  m_EditorClassIdentifier: 
  partMeshType: legs
  setMaterialIndex: -1
  setMaterialIndex2: -1
--- !u!1 &7172140949435876906
GameObject:
  m_ObjectHideFlags: 0
  m_CorrespondingSourceObject: {fileID: 0}
  m_PrefabInstance: {fileID: 0}
  m_PrefabAsset: {fileID: 0}
  serializedVersion: 6
  m_Component:
  - component: {fileID: 7675717712081729330}
  - component: {fileID: 5755647614206864642}
  - component: {fileID: 8640923852574305811}
  m_Layer: 9
  m_Name: S1
  m_TagString: Untagged
  m_Icon: {fileID: 0}
  m_NavMeshLayer: 0
  m_StaticEditorFlags: 0
  m_IsActive: 1
--- !u!4 &7675717712081729330
Transform:
  m_ObjectHideFlags: 0
  m_CorrespondingSourceObject: {fileID: 0}
  m_PrefabInstance: {fileID: 0}
  m_PrefabAsset: {fileID: 0}
  m_GameObject: {fileID: 7172140949435876906}
  m_LocalRotation: {x: 0, y: 1, z: 0, w: -0.00000004371139}
  m_LocalPosition: {x: 0, y: 0, z: 0}
  m_LocalScale: {x: 1, y: 1, z: 1}
  m_Children:
  - {fileID: 7558759680534468780}
  m_Father: {fileID: 0}
  m_RootOrder: 0
  m_LocalEulerAnglesHint: {x: 0, y: 0, z: 0}
--- !u!114 &5755647614206864642
MonoBehaviour:
  m_ObjectHideFlags: 0
  m_CorrespondingSourceObject: {fileID: 0}
  m_PrefabInstance: {fileID: 0}
  m_PrefabAsset: {fileID: 0}
  m_GameObject: {fileID: 7172140949435876906}
  m_Enabled: 1
  m_EditorHideFlags: 0
  m_Script: {fileID: 11500000, guid: de305606890b87e42a58c187eba6fe10, type: 3}
  m_Name: 
  m_EditorClassIdentifier: 
  partName: S1
  partNameCombinations: []
  partDescription: 
  partCategory: universal
  includeInDimensions: 1
  dimensions: {x: 0.9351532, y: 0.927341, z: 1.0285809}
  image: {fileID: 21300000, guid: fbc38e235fab69e4289fa3bb1548be88, type: 3}
  type: 0
  partPoints:
  - {fileID: 3468837538836235306}
  - {fileID: 1850741379534961423}
  canBeStandalone: 1
  sewingNames: []
  OnPartPointConnect:
    m_PersistentCalls:
      m_Calls: []
--- !u!114 &8640923852574305811
MonoBehaviour:
  m_ObjectHideFlags: 0
  m_CorrespondingSourceObject: {fileID: 0}
  m_PrefabInstance: {fileID: 0}
  m_PrefabAsset: {fileID: 0}
  m_GameObject: {fileID: 7172140949435876906}
  m_Enabled: 1
  m_EditorHideFlags: 0
  m_Script: {fileID: 11500000, guid: 945aa47ea0b6aa8428492ab4817a6203, type: 3}
  m_Name: 
  m_EditorClassIdentifier: 
  partPointL: {fileID: 3468837538836235306}
  partPointR: {fileID: 1850741379534961423}
  activateL: {fileID: 3570915085666284366}
  activateR: {fileID: 5200700584865977448}
  activateBoth: {fileID: 8540194712972185392}
  activateNone: {fileID: 5438456909670535186}
  activateNoneL: {fileID: 0}
  activateNoneR: {fileID: 0}
--- !u!114 &3468837538836235306
MonoBehaviour:
  m_ObjectHideFlags: 0
  m_CorrespondingSourceObject: {fileID: 0}
  m_PrefabInstance: {fileID: 0}
  m_PrefabAsset: {fileID: 0}
  m_GameObject: {fileID: 7296198693139666134}
  m_Enabled: 1
  m_EditorHideFlags: 0
  m_Script: {fileID: 11500000, guid: 298df71d7d1c94f47a9df2b26686031c, type: 3}
  m_Name: 
  m_EditorClassIdentifier: 
  type: 0
  connection: l
  allowedCategories: []
  disallowedCategories: []
  partPointGUI: {fileID: 0}
  activateOnDisconnect:
  - {fileID: 5033686448277053675}
  connectedTo: {fileID: 0}
  part: {fileID: 0}
--- !u!64 &6738940480071050234
MeshCollider:
  m_ObjectHideFlags: 0
  m_CorrespondingSourceObject: {fileID: 0}
  m_PrefabInstance: {fileID: 0}
  m_PrefabAsset: {fileID: 0}
  m_GameObject: {fileID: 8540194712972185392}
  m_Material: {fileID: 0}
  m_IsTrigger: 0
  m_Enabled: 1
  serializedVersion: 3
  m_Convex: 0
  m_CookingOptions: 14
  m_Mesh: {fileID: -2697944247554039933, guid: 4dc9925b770ab3341a0d0da29de2ea95, type: 3}
--- !u!114 &4700951337334977216
MonoBehaviour:
  m_ObjectHideFlags: 0
  m_CorrespondingSourceObject: {fileID: 0}
  m_PrefabInstance: {fileID: 0}
  m_PrefabAsset: {fileID: 0}
  m_GameObject: {fileID: 8540194712972185392}
  m_Enabled: 1
  m_EditorHideFlags: 0
  m_Script: {fileID: 11500000, guid: 816c52b73d7a1de4d8f07430f0420752, type: 3}
  m_Name: 
  m_EditorClassIdentifier: 
  partMeshType: main
  setMaterialIndex: -1
  setMaterialIndex2: -1
--- !u!1001 &3286694445098267574
PrefabInstance:
  m_ObjectHideFlags: 0
  serializedVersion: 2
  m_Modification:
    m_TransformParent: {fileID: 7675717712081729330}
    m_Modifications:
    - target: {fileID: -927199367670048503, guid: 4dc9925b770ab3341a0d0da29de2ea95,
        type: 3}
      propertyPath: m_Name
      value: S1
      objectReference: {fileID: 0}
    - target: {fileID: -927199367670048503, guid: 4dc9925b770ab3341a0d0da29de2ea95,
        type: 3}
      propertyPath: m_Layer
      value: 9
      objectReference: {fileID: 0}
    - target: {fileID: 260923257554208198, guid: 4dc9925b770ab3341a0d0da29de2ea95,
        type: 3}
      propertyPath: m_Layer
      value: 9
      objectReference: {fileID: 0}
    - target: {fileID: 5250600280320812896, guid: 4dc9925b770ab3341a0d0da29de2ea95,
        type: 3}
      propertyPath: m_Layer
      value: 9
      objectReference: {fileID: 0}
    - target: {fileID: 9036662618396037023, guid: 4dc9925b770ab3341a0d0da29de2ea95,
        type: 3}
      propertyPath: m_Layer
      value: 9
      objectReference: {fileID: 0}
    - target: {fileID: 2022924884592296184, guid: 4dc9925b770ab3341a0d0da29de2ea95,
        type: 3}
      propertyPath: m_Layer
      value: 9
      objectReference: {fileID: 0}
    - target: {fileID: 2022924884592296184, guid: 4dc9925b770ab3341a0d0da29de2ea95,
        type: 3}
      propertyPath: m_IsActive
      value: 0
      objectReference: {fileID: 0}
    - target: {fileID: -1808783961984687196, guid: 4dc9925b770ab3341a0d0da29de2ea95,
        type: 3}
      propertyPath: m_IsActive
      value: 1
      objectReference: {fileID: 0}
    - target: {fileID: -4216859302048453862, guid: 4dc9925b770ab3341a0d0da29de2ea95,
        type: 3}
      propertyPath: m_LocalPosition.x
      value: 0
      objectReference: {fileID: 0}
    - target: {fileID: -4216859302048453862, guid: 4dc9925b770ab3341a0d0da29de2ea95,
        type: 3}
      propertyPath: m_LocalPosition.y
      value: 0
      objectReference: {fileID: 0}
    - target: {fileID: -4216859302048453862, guid: 4dc9925b770ab3341a0d0da29de2ea95,
        type: 3}
      propertyPath: m_LocalPosition.z
      value: 0
      objectReference: {fileID: 0}
    - target: {fileID: -4216859302048453862, guid: 4dc9925b770ab3341a0d0da29de2ea95,
        type: 3}
      propertyPath: m_LocalRotation.x
      value: 0
      objectReference: {fileID: 0}
    - target: {fileID: -4216859302048453862, guid: 4dc9925b770ab3341a0d0da29de2ea95,
        type: 3}
      propertyPath: m_LocalRotation.y
      value: 0
      objectReference: {fileID: 0}
    - target: {fileID: -4216859302048453862, guid: 4dc9925b770ab3341a0d0da29de2ea95,
        type: 3}
      propertyPath: m_LocalRotation.z
      value: 0
      objectReference: {fileID: 0}
    - target: {fileID: -4216859302048453862, guid: 4dc9925b770ab3341a0d0da29de2ea95,
        type: 3}
      propertyPath: m_LocalRotation.w
      value: 1
      objectReference: {fileID: 0}
    - target: {fileID: -4216859302048453862, guid: 4dc9925b770ab3341a0d0da29de2ea95,
        type: 3}
      propertyPath: m_RootOrder
      value: 0
      objectReference: {fileID: 0}
    - target: {fileID: -4216859302048453862, guid: 4dc9925b770ab3341a0d0da29de2ea95,
        type: 3}
      propertyPath: m_LocalEulerAnglesHint.x
      value: 0
      objectReference: {fileID: 0}
    - target: {fileID: -4216859302048453862, guid: 4dc9925b770ab3341a0d0da29de2ea95,
        type: 3}
      propertyPath: m_LocalEulerAnglesHint.y
      value: 0
      objectReference: {fileID: 0}
    - target: {fileID: -4216859302048453862, guid: 4dc9925b770ab3341a0d0da29de2ea95,
        type: 3}
      propertyPath: m_LocalEulerAnglesHint.z
      value: 0
      objectReference: {fileID: 0}
    - target: {fileID: 6564122869963734150, guid: 4dc9925b770ab3341a0d0da29de2ea95,
        type: 3}
      propertyPath: m_Layer
      value: 9
      objectReference: {fileID: 0}
    - target: {fileID: 6564122869963734150, guid: 4dc9925b770ab3341a0d0da29de2ea95,
        type: 3}
      propertyPath: m_IsActive
      value: 0
      objectReference: {fileID: 0}
    - target: {fileID: 4271466478335602641, guid: 4dc9925b770ab3341a0d0da29de2ea95,
        type: 3}
      propertyPath: m_Materials.Array.data[0]
      value: 
      objectReference: {fileID: 2100000, guid: 265f73e3aaf5176429a5e5901e841c36, type: 2}
    - target: {fileID: -7365688059274536768, guid: 4dc9925b770ab3341a0d0da29de2ea95,
        type: 3}
      propertyPath: m_Materials.Array.data[0]
      value: 
      objectReference: {fileID: 2100000, guid: 265f73e3aaf5176429a5e5901e841c36, type: 2}
    - target: {fileID: -6389819347686103874, guid: 4dc9925b770ab3341a0d0da29de2ea95,
        type: 3}
      propertyPath: m_Layer
      value: 9
      objectReference: {fileID: 0}
    - target: {fileID: -178448469637643258, guid: 4dc9925b770ab3341a0d0da29de2ea95,
        type: 3}
      propertyPath: m_Layer
      value: 9
      objectReference: {fileID: 0}
    - target: {fileID: -5828583242100144723, guid: 4dc9925b770ab3341a0d0da29de2ea95,
        type: 3}
      propertyPath: m_Materials.Array.data[0]
      value: 
      objectReference: {fileID: 2100000, guid: 265f73e3aaf5176429a5e5901e841c36, type: 2}
    - target: {fileID: -6611980994724635335, guid: 4dc9925b770ab3341a0d0da29de2ea95,
        type: 3}
      propertyPath: m_Layer
      value: 9
      objectReference: {fileID: 0}
    - target: {fileID: -6611980994724635335, guid: 4dc9925b770ab3341a0d0da29de2ea95,
        type: 3}
      propertyPath: m_IsActive
      value: 0
      objectReference: {fileID: 0}
    - target: {fileID: 2494152617845037738, guid: 4dc9925b770ab3341a0d0da29de2ea95,
        type: 3}
      propertyPath: m_Layer
      value: 9
      objectReference: {fileID: 0}
    - target: {fileID: -8399757015037987933, guid: 4dc9925b770ab3341a0d0da29de2ea95,
        type: 3}
      propertyPath: m_Materials.Array.data[0]
      value: 
      objectReference: {fileID: 2100000, guid: 265f73e3aaf5176429a5e5901e841c36, type: 2}
    - target: {fileID: -4895114353142935437, guid: 4dc9925b770ab3341a0d0da29de2ea95,
        type: 3}
      propertyPath: m_Materials.Array.data[0]
      value: 
      objectReference: {fileID: 2100000, guid: 265f73e3aaf5176429a5e5901e841c36, type: 2}
    - target: {fileID: -3503025286958236930, guid: 4dc9925b770ab3341a0d0da29de2ea95,
        type: 3}
      propertyPath: m_Layer
      value: 9
      objectReference: {fileID: 0}
    m_RemovedComponents: []
  m_SourcePrefab: {fileID: 100100000, guid: 4dc9925b770ab3341a0d0da29de2ea95, type: 3}
--- !u!1 &7133259946051782984 stripped
GameObject:
  m_CorrespondingSourceObject: {fileID: -3503025286958236930, guid: 4dc9925b770ab3341a0d0da29de2ea95,
    type: 3}
  m_PrefabInstance: {fileID: 3286694445098267574}
  m_PrefabAsset: {fileID: 0}
--- !u!1 &3570915085666284366 stripped
GameObject:
  m_CorrespondingSourceObject: {fileID: 2022924884592296184, guid: 4dc9925b770ab3341a0d0da29de2ea95,
    type: 3}
  m_PrefabInstance: {fileID: 3286694445098267574}
  m_PrefabAsset: {fileID: 0}
--- !u!1 &693881438979305103 stripped
GameObject:
  m_CorrespondingSourceObject: {fileID: -6611980994724635335, guid: 4dc9925b770ab3341a0d0da29de2ea95,
    type: 3}
  m_PrefabInstance: {fileID: 3286694445098267574}
  m_PrefabAsset: {fileID: 0}
--- !u!4 &3817710882876956437 stripped
Transform:
  m_CorrespondingSourceObject: {fileID: 1830595587902467235, guid: 4dc9925b770ab3341a0d0da29de2ea95,
    type: 3}
  m_PrefabInstance: {fileID: 3286694445098267574}
  m_PrefabAsset: {fileID: 0}
--- !u!1 &778667569246934792 stripped
GameObject:
  m_CorrespondingSourceObject: {fileID: -6389819347686103874, guid: 4dc9925b770ab3341a0d0da29de2ea95,
    type: 3}
  m_PrefabInstance: {fileID: 3286694445098267574}
  m_PrefabAsset: {fileID: 0}
--- !u!1 &5772111830853728176 stripped
GameObject:
  m_CorrespondingSourceObject: {fileID: -178448469637643258, guid: 4dc9925b770ab3341a0d0da29de2ea95,
    type: 3}
  m_PrefabInstance: {fileID: 3286694445098267574}
  m_PrefabAsset: {fileID: 0}
--- !u!4 &7558759680534468780 stripped
Transform:
  m_CorrespondingSourceObject: {fileID: -4216859302048453862, guid: 4dc9925b770ab3341a0d0da29de2ea95,
    type: 3}
  m_PrefabInstance: {fileID: 3286694445098267574}
  m_PrefabAsset: {fileID: 0}
--- !u!1 &5438456909670535186 stripped
GameObject:
  m_CorrespondingSourceObject: {fileID: -1808783961984687196, guid: 4dc9925b770ab3341a0d0da29de2ea95,
    type: 3}
  m_PrefabInstance: {fileID: 3286694445098267574}
  m_PrefabAsset: {fileID: 0}
--- !u!1 &1081336392523933980 stripped
GameObject:
  m_CorrespondingSourceObject: {fileID: 2494152617845037738, guid: 4dc9925b770ab3341a0d0da29de2ea95,
    type: 3}
  m_PrefabInstance: {fileID: 3286694445098267574}
  m_PrefabAsset: {fileID: 0}
--- !u!1 &8540194712972185392 stripped
GameObject:
  m_CorrespondingSourceObject: {fileID: 6564122869963734150, guid: 4dc9925b770ab3341a0d0da29de2ea95,
    type: 3}
  m_PrefabInstance: {fileID: 3286694445098267574}
  m_PrefabAsset: {fileID: 0}
--- !u!1 &7296198693139666134 stripped
GameObject:
  m_CorrespondingSourceObject: {fileID: 5250600280320812896, guid: 4dc9925b770ab3341a0d0da29de2ea95,
    type: 3}
  m_PrefabInstance: {fileID: 3286694445098267574}
  m_PrefabAsset: {fileID: 0}
--- !u!1 &5833291724295306281 stripped
GameObject:
  m_CorrespondingSourceObject: {fileID: 9036662618396037023, guid: 4dc9925b770ab3341a0d0da29de2ea95,
    type: 3}
  m_PrefabInstance: {fileID: 3286694445098267574}
  m_PrefabAsset: {fileID: 0}
--- !u!1 &1345901922895001372 stripped
GameObject:
  m_CorrespondingSourceObject: {fileID: -4669892496917068630, guid: 4dc9925b770ab3341a0d0da29de2ea95,
    type: 3}
  m_PrefabInstance: {fileID: 3286694445098267574}
  m_PrefabAsset: {fileID: 0}
--- !u!1 &5033686448277053675 stripped
GameObject:
  m_CorrespondingSourceObject: {fileID: -1709239167095631011, guid: 4dc9925b770ab3341a0d0da29de2ea95,
    type: 3}
  m_PrefabInstance: {fileID: 3286694445098267574}
  m_PrefabAsset: {fileID: 0}
