%YAML 1.1
%TAG !u! tag:unity3d.com,2011:
--- !u!114 &5801586838749485451
MonoBehaviour:
  m_ObjectHideFlags: 0
  m_CorrespondingSourceObject: {fileID: 0}
  m_PrefabInstance: {fileID: 0}
  m_PrefabAsset: {fileID: 0}
  m_GameObject: {fileID: 1619863721762793091}
  m_Enabled: 1
  m_EditorHideFlags: 0
  m_Script: {fileID: 11500000, guid: 816c52b73d7a1de4d8f07430f0420752, type: 3}
  m_Name: 
  m_EditorClassIdentifier: 
  partMeshType: legs
  setMaterialIndex: -1
  setMaterialIndex2: -1
--- !u!114 &2688418602648828795
MonoBehaviour:
  m_ObjectHideFlags: 0
  m_CorrespondingSourceObject: {fileID: 0}
  m_PrefabInstance: {fileID: 0}
  m_PrefabAsset: {fileID: 0}
  m_GameObject: {fileID: 1766563817382627936}
  m_Enabled: 1
  m_EditorHideFlags: 0
  m_Script: {fileID: 11500000, guid: 298df71d7d1c94f47a9df2b26686031c, type: 3}
  m_Name: 
  m_EditorClassIdentifier: 
  type: 0
  connection: r
  allowedCategories: []
  disallowedCategories: []
  partPointGUI: {fileID: 0}
  activateOnDisconnect:
  - {fileID: 1123388937128552478}
  connectedTo: {fileID: 0}
  part: {fileID: 0}
--- !u!64 &6398950894263473420
MeshCollider:
  m_ObjectHideFlags: 0
  m_CorrespondingSourceObject: {fileID: 0}
  m_PrefabInstance: {fileID: 0}
  m_PrefabAsset: {fileID: 0}
  m_GameObject: {fileID: 3644693394820291371}
  m_Material: {fileID: 0}
  m_IsTrigger: 0
  m_Enabled: 1
  serializedVersion: 3
  m_Convex: 0
  m_CookingOptions: 14
  m_Mesh: {fileID: 2924485487802022084, guid: 94f94e931cab3274d9ec817230bf5326, type: 3}
--- !u!114 &7499601026288508352
MonoBehaviour:
  m_ObjectHideFlags: 0
  m_CorrespondingSourceObject: {fileID: 0}
  m_PrefabInstance: {fileID: 0}
  m_PrefabAsset: {fileID: 0}
  m_GameObject: {fileID: 3644693394820291371}
  m_Enabled: 1
  m_EditorHideFlags: 0
  m_Script: {fileID: 11500000, guid: 816c52b73d7a1de4d8f07430f0420752, type: 3}
  m_Name: 
  m_EditorClassIdentifier: 
  partMeshType: main
  setMaterialIndex: -1
  setMaterialIndex2: -1
--- !u!114 &8551344209820425297
MonoBehaviour:
  m_ObjectHideFlags: 0
  m_CorrespondingSourceObject: {fileID: 0}
  m_PrefabInstance: {fileID: 0}
  m_PrefabAsset: {fileID: 0}
  m_GameObject: {fileID: 3644693394820291371}
  m_Enabled: 1
  m_EditorHideFlags: 0
  m_Script: {fileID: 11500000, guid: 1030b2116dfab9343be14c0d0839ab5e, type: 3}
  m_Name: 
  m_EditorClassIdentifier: 
  ActivateObject: {fileID: 3893482574487971381}
  deactivateOnStart: 0
  DeactivateObjectInsteadOfThis: {fileID: 0}
--- !u!64 &3165065257146129839
MeshCollider:
  m_ObjectHideFlags: 0
  m_CorrespondingSourceObject: {fileID: 0}
  m_PrefabInstance: {fileID: 0}
  m_PrefabAsset: {fileID: 0}
  m_GameObject: {fileID: 3893482574487971381}
  m_Material: {fileID: 0}
  m_IsTrigger: 0
  m_Enabled: 1
  serializedVersion: 3
  m_Convex: 0
  m_CookingOptions: 14
  m_Mesh: {fileID: 7351354907228170952, guid: 94f94e931cab3274d9ec817230bf5326, type: 3}
--- !u!114 &743215452141728125
MonoBehaviour:
  m_ObjectHideFlags: 0
  m_CorrespondingSourceObject: {fileID: 0}
  m_PrefabInstance: {fileID: 0}
  m_PrefabAsset: {fileID: 0}
  m_GameObject: {fileID: 3893482574487971381}
  m_Enabled: 1
  m_EditorHideFlags: 0
  m_Script: {fileID: 11500000, guid: 816c52b73d7a1de4d8f07430f0420752, type: 3}
  m_Name: 
  m_EditorClassIdentifier: 
  partMeshType: main
  setMaterialIndex: -1
  setMaterialIndex2: -1
--- !u!114 &6144963700406575470
MonoBehaviour:
  m_ObjectHideFlags: 0
  m_CorrespondingSourceObject: {fileID: 0}
  m_PrefabInstance: {fileID: 0}
  m_PrefabAsset: {fileID: 0}
  m_GameObject: {fileID: 3893482574487971381}
  m_Enabled: 1
  m_EditorHideFlags: 0
  m_Script: {fileID: 11500000, guid: 1030b2116dfab9343be14c0d0839ab5e, type: 3}
  m_Name: 
  m_EditorClassIdentifier: 
  ActivateObject: {fileID: 3644693394820291371}
  deactivateOnStart: 0
  DeactivateObjectInsteadOfThis: {fileID: 0}
--- !u!1 &4548585160552313803
GameObject:
  m_ObjectHideFlags: 0
  m_CorrespondingSourceObject: {fileID: 0}
  m_PrefabInstance: {fileID: 0}
  m_PrefabAsset: {fileID: 0}
  serializedVersion: 6
  m_Component:
  - component: {fileID: 8390274080805626756}
  - component: {fileID: 7771167652161869397}
  m_Layer: 9
  m_Name: S_Ottoman
  m_TagString: Untagged
  m_Icon: {fileID: 0}
  m_NavMeshLayer: 0
  m_StaticEditorFlags: 0
  m_IsActive: 1
--- !u!4 &8390274080805626756
Transform:
  m_ObjectHideFlags: 0
  m_CorrespondingSourceObject: {fileID: 0}
  m_PrefabInstance: {fileID: 0}
  m_PrefabAsset: {fileID: 0}
  m_GameObject: {fileID: 4548585160552313803}
  m_LocalRotation: {x: 0, y: 1, z: 0, w: -0.00000004371139}
  m_LocalPosition: {x: 0, y: 0, z: 0}
  m_LocalScale: {x: 1, y: 1, z: 1}
  m_Children:
  - {fileID: 3944857314408137706}
  m_Father: {fileID: 0}
  m_RootOrder: 0
  m_LocalEulerAnglesHint: {x: 0, y: 0, z: 0}
--- !u!114 &7771167652161869397
MonoBehaviour:
  m_ObjectHideFlags: 0
  m_CorrespondingSourceObject: {fileID: 0}
  m_PrefabInstance: {fileID: 0}
  m_PrefabAsset: {fileID: 0}
  m_GameObject: {fileID: 4548585160552313803}
  m_Enabled: 1
  m_EditorHideFlags: 0
  m_Script: {fileID: 11500000, guid: de305606890b87e42a58c187eba6fe10, type: 3}
  m_Name: 
  m_EditorClassIdentifier: 
  partName: S_Ottoman
  partNameCombinations: []
  partDescription: 
  partCategory: universal
  includeInDimensions: 1
  dimensions: {x: 1.0415422, y: 0.927341, z: 1.246876}
  image: {fileID: 21300000, guid: 11677cff4dc3a5e43afba46c7c2f548b, type: 3}
  type: 0
  partPoints:
  - {fileID: 2688418602648828795}
  canBeStandalone: 1
  sewingNames: []
  OnPartPointConnect:
    m_PersistentCalls:
      m_Calls: []
--- !u!64 &4707330511283738007
MeshCollider:
  m_ObjectHideFlags: 0
  m_CorrespondingSourceObject: {fileID: 0}
  m_PrefabInstance: {fileID: 0}
  m_PrefabAsset: {fileID: 0}
  m_GameObject: {fileID: 5084641388117252129}
  m_Material: {fileID: 0}
  m_IsTrigger: 0
  m_Enabled: 1
  serializedVersion: 3
  m_Convex: 0
  m_CookingOptions: 14
  m_Mesh: {fileID: 3246705257200750616, guid: 94f94e931cab3274d9ec817230bf5326, type: 3}
--- !u!114 &7049607224941881225
MonoBehaviour:
  m_ObjectHideFlags: 0
  m_CorrespondingSourceObject: {fileID: 0}
  m_PrefabInstance: {fileID: 0}
  m_PrefabAsset: {fileID: 0}
  m_GameObject: {fileID: 5084641388117252129}
  m_Enabled: 1
  m_EditorHideFlags: 0
  m_Script: {fileID: 11500000, guid: 816c52b73d7a1de4d8f07430f0420752, type: 3}
  m_Name: 
  m_EditorClassIdentifier: 
  partMeshType: main
  setMaterialIndex: -1
  setMaterialIndex2: -1
--- !u!64 &1630583799424065278
MeshCollider:
  m_ObjectHideFlags: 0
  m_CorrespondingSourceObject: {fileID: 0}
  m_PrefabInstance: {fileID: 0}
  m_PrefabAsset: {fileID: 0}
  m_GameObject: {fileID: 5239469279182209683}
  m_Material: {fileID: 0}
  m_IsTrigger: 0
  m_Enabled: 1
  serializedVersion: 3
  m_Convex: 0
  m_CookingOptions: 14
  m_Mesh: {fileID: 8450355317797163089, guid: 94f94e931cab3274d9ec817230bf5326, type: 3}
--- !u!114 &3505859174085058897
MonoBehaviour:
  m_ObjectHideFlags: 0
  m_CorrespondingSourceObject: {fileID: 0}
  m_PrefabInstance: {fileID: 0}
  m_PrefabAsset: {fileID: 0}
  m_GameObject: {fileID: 5239469279182209683}
  m_Enabled: 1
  m_EditorHideFlags: 0
  m_Script: {fileID: 11500000, guid: 816c52b73d7a1de4d8f07430f0420752, type: 3}
  m_Name: 
  m_EditorClassIdentifier: 
  partMeshType: main
  setMaterialIndex: -1
  setMaterialIndex2: -1
--- !u!64 &2597836277680693791
MeshCollider:
  m_ObjectHideFlags: 0
  m_CorrespondingSourceObject: {fileID: 0}
  m_PrefabInstance: {fileID: 0}
  m_PrefabAsset: {fileID: 0}
  m_GameObject: {fileID: 7625285555620983343}
  m_Material: {fileID: 0}
  m_IsTrigger: 0
  m_Enabled: 1
  serializedVersion: 3
  m_Convex: 0
  m_CookingOptions: 14
  m_Mesh: {fileID: -7483302122085374240, guid: 94f94e931cab3274d9ec817230bf5326, type: 3}
--- !u!114 &5935698231520984854
MonoBehaviour:
  m_ObjectHideFlags: 0
  m_CorrespondingSourceObject: {fileID: 0}
  m_PrefabInstance: {fileID: 0}
  m_PrefabAsset: {fileID: 0}
  m_GameObject: {fileID: 7625285555620983343}
  m_Enabled: 1
  m_EditorHideFlags: 0
  m_Script: {fileID: 11500000, guid: 816c52b73d7a1de4d8f07430f0420752, type: 3}
  m_Name: 
  m_EditorClassIdentifier: 
  partMeshType: main
  setMaterialIndex: -1
  setMaterialIndex2: -1
--- !u!1001 &8341869500760566000
PrefabInstance:
  m_ObjectHideFlags: 0
  serializedVersion: 2
  m_Modification:
    m_TransformParent: {fileID: 8390274080805626756}
    m_Modifications:
    - target: {fileID: -927199367670048503, guid: 94f94e931cab3274d9ec817230bf5326,
        type: 3}
      propertyPath: m_Name
      value: S_Ottoman
      objectReference: {fileID: 0}
    - target: {fileID: -927199367670048503, guid: 94f94e931cab3274d9ec817230bf5326,
        type: 3}
      propertyPath: m_Layer
      value: 9
      objectReference: {fileID: 0}
    - target: {fileID: 7728280810919944848, guid: 94f94e931cab3274d9ec817230bf5326,
        type: 3}
      propertyPath: m_Layer
      value: 9
      objectReference: {fileID: 0}
    - target: {fileID: 3166159584765636186, guid: 94f94e931cab3274d9ec817230bf5326,
        type: 3}
      propertyPath: m_Layer
      value: 9
      objectReference: {fileID: 0}
    - target: {fileID: -4216859302048453862, guid: 94f94e931cab3274d9ec817230bf5326,
        type: 3}
      propertyPath: m_LocalPosition.x
      value: 0
      objectReference: {fileID: 0}
    - target: {fileID: -4216859302048453862, guid: 94f94e931cab3274d9ec817230bf5326,
        type: 3}
      propertyPath: m_LocalPosition.y
      value: 0
      objectReference: {fileID: 0}
    - target: {fileID: -4216859302048453862, guid: 94f94e931cab3274d9ec817230bf5326,
        type: 3}
      propertyPath: m_LocalPosition.z
      value: 0
      objectReference: {fileID: 0}
    - target: {fileID: -4216859302048453862, guid: 94f94e931cab3274d9ec817230bf5326,
        type: 3}
      propertyPath: m_LocalRotation.x
      value: 0
      objectReference: {fileID: 0}
    - target: {fileID: -4216859302048453862, guid: 94f94e931cab3274d9ec817230bf5326,
        type: 3}
      propertyPath: m_LocalRotation.y
      value: 0
      objectReference: {fileID: 0}
    - target: {fileID: -4216859302048453862, guid: 94f94e931cab3274d9ec817230bf5326,
        type: 3}
      propertyPath: m_LocalRotation.z
      value: 0
      objectReference: {fileID: 0}
    - target: {fileID: -4216859302048453862, guid: 94f94e931cab3274d9ec817230bf5326,
        type: 3}
      propertyPath: m_LocalRotation.w
      value: 1
      objectReference: {fileID: 0}
    - target: {fileID: -4216859302048453862, guid: 94f94e931cab3274d9ec817230bf5326,
        type: 3}
      propertyPath: m_RootOrder
      value: 0
      objectReference: {fileID: 0}
    - target: {fileID: -4216859302048453862, guid: 94f94e931cab3274d9ec817230bf5326,
        type: 3}
      propertyPath: m_LocalEulerAnglesHint.x
      value: 0
      objectReference: {fileID: 0}
    - target: {fileID: -4216859302048453862, guid: 94f94e931cab3274d9ec817230bf5326,
        type: 3}
      propertyPath: m_LocalEulerAnglesHint.y
      value: 0
      objectReference: {fileID: 0}
    - target: {fileID: -4216859302048453862, guid: 94f94e931cab3274d9ec817230bf5326,
        type: 3}
      propertyPath: m_LocalEulerAnglesHint.z
      value: 0
      objectReference: {fileID: 0}
    - target: {fileID: 3842696906166104273, guid: 94f94e931cab3274d9ec817230bf5326,
        type: 3}
      propertyPath: m_Layer
      value: 9
      objectReference: {fileID: 0}
    - target: {fileID: -4939864325393880477, guid: 94f94e931cab3274d9ec817230bf5326,
        type: 3}
      propertyPath: m_Layer
      value: 9
      objectReference: {fileID: 0}
    - target: {fileID: -7343626261252859169, guid: 94f94e931cab3274d9ec817230bf5326,
        type: 3}
      propertyPath: m_Layer
      value: 9
      objectReference: {fileID: 0}
    - target: {fileID: 4721151363665972235, guid: 94f94e931cab3274d9ec817230bf5326,
        type: 3}
      propertyPath: m_Materials.Array.data[0]
      value: 
      objectReference: {fileID: 2100000, guid: 265f73e3aaf5176429a5e5901e841c36, type: 2}
    - target: {fileID: -4516886915449457701, guid: 94f94e931cab3274d9ec817230bf5326,
        type: 3}
      propertyPath: m_Layer
      value: 9
      objectReference: {fileID: 0}
    - target: {fileID: -4193928942031679803, guid: 94f94e931cab3274d9ec817230bf5326,
        type: 3}
      propertyPath: m_Layer
      value: 9
      objectReference: {fileID: 0}
    - target: {fileID: -4193928942031679803, guid: 94f94e931cab3274d9ec817230bf5326,
        type: 3}
      propertyPath: m_IsActive
      value: 0
      objectReference: {fileID: 0}
    - target: {fileID: 2458648971490938993, guid: 94f94e931cab3274d9ec817230bf5326,
        type: 3}
      propertyPath: m_Materials.Array.data[0]
      value: 
      objectReference: {fileID: 2100000, guid: 265f73e3aaf5176429a5e5901e841c36, type: 2}
    - target: {fileID: -8823639716745360414, guid: 94f94e931cab3274d9ec817230bf5326,
        type: 3}
      propertyPath: m_Materials.Array.data[0]
      value: 
      objectReference: {fileID: 2100000, guid: 265f73e3aaf5176429a5e5901e841c36, type: 2}
    - target: {fileID: -1891881941443473805, guid: 94f94e931cab3274d9ec817230bf5326,
        type: 3}
      propertyPath: m_Layer
      value: 9
      objectReference: {fileID: 0}
    - target: {fileID: -8971934317542969393, guid: 94f94e931cab3274d9ec817230bf5326,
        type: 3}
      propertyPath: m_Materials.Array.data[0]
      value: 
      objectReference: {fileID: 2100000, guid: 265f73e3aaf5176429a5e5901e841c36, type: 2}
    - target: {fileID: -8748367767685043972, guid: 94f94e931cab3274d9ec817230bf5326,
        type: 3}
      propertyPath: m_Materials.Array.data[0]
      value: 
      objectReference: {fileID: 2100000, guid: 265f73e3aaf5176429a5e5901e841c36, type: 2}
    - target: {fileID: -8846901613777572727, guid: 94f94e931cab3274d9ec817230bf5326,
        type: 3}
      propertyPath: m_Materials.Array.data[0]
      value: 
      objectReference: {fileID: 2100000, guid: ef0a40ef0c4155445bab600761bd9a08, type: 2}
    m_RemovedComponents: []
  m_SourcePrefab: {fileID: 100100000, guid: 94f94e931cab3274d9ec817230bf5326, type: 3}
--- !u!4 &3944857314408137706 stripped
Transform:
  m_CorrespondingSourceObject: {fileID: -4216859302048453862, guid: 94f94e931cab3274d9ec817230bf5326,
    type: 3}
  m_PrefabInstance: {fileID: 8341869500760566000}
  m_PrefabAsset: {fileID: 0}
--- !u!1 &1766563817382627936 stripped
GameObject:
  m_CorrespondingSourceObject: {fileID: 7728280810919944848, guid: 94f94e931cab3274d9ec817230bf5326,
    type: 3}
  m_PrefabInstance: {fileID: 8341869500760566000}
  m_PrefabAsset: {fileID: 0}
--- !u!1 &5084641388117252129 stripped
GameObject:
  m_CorrespondingSourceObject: {fileID: 3842696906166104273, guid: 94f94e931cab3274d9ec817230bf5326,
    type: 3}
  m_PrefabInstance: {fileID: 8341869500760566000}
  m_PrefabAsset: {fileID: 0}
--- !u!1 &3893482574487971381 stripped
GameObject:
  m_CorrespondingSourceObject: {fileID: -4193928942031679803, guid: 94f94e931cab3274d9ec817230bf5326,
    type: 3}
  m_PrefabInstance: {fileID: 8341869500760566000}
  m_PrefabAsset: {fileID: 0}
--- !u!1 &1619863721762793091 stripped
GameObject:
  m_CorrespondingSourceObject: {fileID: -1891881941443473805, guid: 94f94e931cab3274d9ec817230bf5326,
    type: 3}
  m_PrefabInstance: {fileID: 8341869500760566000}
  m_PrefabAsset: {fileID: 0}
--- !u!1 &3644693394820291371 stripped
GameObject:
  m_CorrespondingSourceObject: {fileID: -4516886915449457701, guid: 94f94e931cab3274d9ec817230bf5326,
    type: 3}
  m_PrefabInstance: {fileID: 8341869500760566000}
  m_PrefabAsset: {fileID: 0}
--- !u!1 &1123388937128552478 stripped
GameObject:
  m_CorrespondingSourceObject: {fileID: -264777430519447314, guid: 94f94e931cab3274d9ec817230bf5326,
    type: 3}
  m_PrefabInstance: {fileID: 8341869500760566000}
  m_PrefabAsset: {fileID: 0}
--- !u!1 &7625285555620983343 stripped
GameObject:
  m_CorrespondingSourceObject: {fileID: -7343626261252859169, guid: 94f94e931cab3274d9ec817230bf5326,
    type: 3}
  m_PrefabInstance: {fileID: 8341869500760566000}
  m_PrefabAsset: {fileID: 0}
--- !u!1 &5239469279182209683 stripped
GameObject:
  m_CorrespondingSourceObject: {fileID: -4939864325393880477, guid: 94f94e931cab3274d9ec817230bf5326,
    type: 3}
  m_PrefabInstance: {fileID: 8341869500760566000}
  m_PrefabAsset: {fileID: 0}
