%YAML 1.1
%TAG !u! tag:unity3d.com,2011:
--- !u!64 &1063265266085227913
MeshCollider:
  m_ObjectHideFlags: 0
  m_CorrespondingSourceObject: {fileID: 0}
  m_PrefabInstance: {fileID: 0}
  m_PrefabAsset: {fileID: 0}
  m_GameObject: {fileID: 1438824797282581341}
  m_Material: {fileID: 0}
  m_IsTrigger: 0
  m_Enabled: 1
  serializedVersion: 3
  m_Convex: 0
  m_CookingOptions: 14
  m_Mesh: {fileID: 1646817434875431899, guid: 61e799d09eac35148b6a217ae29a0289, type: 3}
--- !u!114 &3973292057750238310
MonoBehaviour:
  m_ObjectHideFlags: 0
  m_CorrespondingSourceObject: {fileID: 0}
  m_PrefabInstance: {fileID: 0}
  m_PrefabAsset: {fileID: 0}
  m_GameObject: {fileID: 1438824797282581341}
  m_Enabled: 1
  m_EditorHideFlags: 0
  m_Script: {fileID: 11500000, guid: 1030b2116dfab9343be14c0d0839ab5e, type: 3}
  m_Name: 
  m_EditorClassIdentifier: 
  ActivateObject: {fileID: 6889801092931701833}
  deactivateOnStart: 0
--- !u!114 &5923199700664354875
MonoBehaviour:
  m_ObjectHideFlags: 0
  m_CorrespondingSourceObject: {fileID: 0}
  m_PrefabInstance: {fileID: 0}
  m_PrefabAsset: {fileID: 0}
  m_GameObject: {fileID: 1438824797282581341}
  m_Enabled: 1
  m_EditorHideFlags: 0
  m_Script: {fileID: 11500000, guid: 816c52b73d7a1de4d8f07430f0420752, type: 3}
  m_Name: 
  m_EditorClassIdentifier: 
  partMeshType: main
  setMaterialIndex: -1
--- !u!64 &910612969281025525
MeshCollider:
  m_ObjectHideFlags: 0
  m_CorrespondingSourceObject: {fileID: 0}
  m_PrefabInstance: {fileID: 0}
  m_PrefabAsset: {fileID: 0}
  m_GameObject: {fileID: 1461894349491986299}
  m_Material: {fileID: 0}
  m_IsTrigger: 0
  m_Enabled: 1
  serializedVersion: 3
  m_Convex: 0
  m_CookingOptions: 14
  m_Mesh: {fileID: -3997266273801745355, guid: 61e799d09eac35148b6a217ae29a0289, type: 3}
--- !u!114 &1405258148640768585
MonoBehaviour:
  m_ObjectHideFlags: 0
  m_CorrespondingSourceObject: {fileID: 0}
  m_PrefabInstance: {fileID: 0}
  m_PrefabAsset: {fileID: 0}
  m_GameObject: {fileID: 1461894349491986299}
  m_Enabled: 1
  m_EditorHideFlags: 0
  m_Script: {fileID: 11500000, guid: 816c52b73d7a1de4d8f07430f0420752, type: 3}
  m_Name: 
  m_EditorClassIdentifier: 
  partMeshType: main
  setMaterialIndex: -1
--- !u!114 &4623978555870473054
MonoBehaviour:
  m_ObjectHideFlags: 0
  m_CorrespondingSourceObject: {fileID: 0}
  m_PrefabInstance: {fileID: 0}
  m_PrefabAsset: {fileID: 0}
  m_GameObject: {fileID: 1461894349491986299}
  m_Enabled: 1
  m_EditorHideFlags: 0
  m_Script: {fileID: 11500000, guid: 1030b2116dfab9343be14c0d0839ab5e, type: 3}
  m_Name: 
  m_EditorClassIdentifier: 
  ActivateObject: {fileID: 6790564315679523318}
  deactivateOnStart: 0
--- !u!114 &1026674258904993937
MonoBehaviour:
  m_ObjectHideFlags: 0
  m_CorrespondingSourceObject: {fileID: 0}
  m_PrefabInstance: {fileID: 0}
  m_PrefabAsset: {fileID: 0}
  m_GameObject: {fileID: 2241353104660328538}
  m_Enabled: 1
  m_EditorHideFlags: 0
  m_Script: {fileID: 11500000, guid: 816c52b73d7a1de4d8f07430f0420752, type: 3}
  m_Name: 
  m_EditorClassIdentifier: 
  partMeshType: legs
  setMaterialIndex: -1
--- !u!64 &281847152452180305
MeshCollider:
  m_ObjectHideFlags: 0
  m_CorrespondingSourceObject: {fileID: 0}
  m_PrefabInstance: {fileID: 0}
  m_PrefabAsset: {fileID: 0}
  m_GameObject: {fileID: 2388300397561491836}
  m_Material: {fileID: 0}
  m_IsTrigger: 0
  m_Enabled: 1
  serializedVersion: 3
  m_Convex: 0
  m_CookingOptions: 14
  m_Mesh: {fileID: -1407026179843882846, guid: 61e799d09eac35148b6a217ae29a0289, type: 3}
--- !u!114 &7791760882012526276
MonoBehaviour:
  m_ObjectHideFlags: 0
  m_CorrespondingSourceObject: {fileID: 0}
  m_PrefabInstance: {fileID: 0}
  m_PrefabAsset: {fileID: 0}
  m_GameObject: {fileID: 2388300397561491836}
  m_Enabled: 1
  m_EditorHideFlags: 0
  m_Script: {fileID: 11500000, guid: 816c52b73d7a1de4d8f07430f0420752, type: 3}
  m_Name: 
  m_EditorClassIdentifier: 
  partMeshType: main
  setMaterialIndex: -1
--- !u!1 &2515014797476276446
GameObject:
  m_ObjectHideFlags: 0
  m_CorrespondingSourceObject: {fileID: 0}
  m_PrefabInstance: {fileID: 0}
  m_PrefabAsset: {fileID: 0}
  serializedVersion: 6
  m_Component:
  - component: {fileID: 7823227732921661955}
  - component: {fileID: 1891081564669417832}
  m_Layer: 9
  m_Name: SR
  m_TagString: Untagged
  m_Icon: {fileID: 0}
  m_NavMeshLayer: 0
  m_StaticEditorFlags: 0
  m_IsActive: 1
--- !u!4 &7823227732921661955
Transform:
  m_ObjectHideFlags: 0
  m_CorrespondingSourceObject: {fileID: 0}
  m_PrefabInstance: {fileID: 0}
  m_PrefabAsset: {fileID: 0}
  m_GameObject: {fileID: 2515014797476276446}
  m_LocalRotation: {x: 0, y: 1, z: 0, w: -0.00000004371139}
  m_LocalPosition: {x: 0, y: 0, z: 0}
  m_LocalScale: {x: 1, y: 1, z: 1}
  m_Children:
  - {fileID: 4802189752696967051}
  m_Father: {fileID: 0}
  m_RootOrder: 0
  m_LocalEulerAnglesHint: {x: 0, y: 0, z: 0}
--- !u!114 &1891081564669417832
MonoBehaviour:
  m_ObjectHideFlags: 0
  m_CorrespondingSourceObject: {fileID: 0}
  m_PrefabInstance: {fileID: 0}
  m_PrefabAsset: {fileID: 0}
  m_GameObject: {fileID: 2515014797476276446}
  m_Enabled: 1
  m_EditorHideFlags: 0
  m_Script: {fileID: 11500000, guid: de305606890b87e42a58c187eba6fe10, type: 3}
  m_Name: 
  m_EditorClassIdentifier: 
  partName: SR
  partDescription: 
  dimensions: {x: 1.0324799, y: 0.92734104, z: 1.0189875}
  image: {fileID: 21300000, guid: 942bfdad49c2b6a4283d6ace384af0a9, type: 3}
  type: 0
  partPoints:
  - {fileID: 5990259010143280513}
  - {fileID: 9032509400395112536}
  canBeStandalone: 1
  OnPartPointConnect:
    m_PersistentCalls:
      m_Calls: []
--- !u!114 &5361595218614674165
MonoBehaviour:
  m_ObjectHideFlags: 0
  m_CorrespondingSourceObject: {fileID: 0}
  m_PrefabInstance: {fileID: 0}
  m_PrefabAsset: {fileID: 0}
  m_GameObject: {fileID: 2757938354571087881}
  m_Enabled: 1
  m_EditorHideFlags: 0
  m_Script: {fileID: 11500000, guid: 816c52b73d7a1de4d8f07430f0420752, type: 3}
  m_Name: 
  m_EditorClassIdentifier: 
  partMeshType: legs
  setMaterialIndex: -1
--- !u!64 &5287743285528658688
MeshCollider:
  m_ObjectHideFlags: 0
  m_CorrespondingSourceObject: {fileID: 0}
  m_PrefabInstance: {fileID: 0}
  m_PrefabAsset: {fileID: 0}
  m_GameObject: {fileID: 3507091376039964873}
  m_Material: {fileID: 0}
  m_IsTrigger: 0
  m_Enabled: 1
  serializedVersion: 3
  m_Convex: 0
  m_CookingOptions: 14
  m_Mesh: {fileID: -4397333452124818496, guid: 61e799d09eac35148b6a217ae29a0289, type: 3}
--- !u!114 &7249820834603092059
MonoBehaviour:
  m_ObjectHideFlags: 0
  m_CorrespondingSourceObject: {fileID: 0}
  m_PrefabInstance: {fileID: 0}
  m_PrefabAsset: {fileID: 0}
  m_GameObject: {fileID: 3507091376039964873}
  m_Enabled: 1
  m_EditorHideFlags: 0
  m_Script: {fileID: 11500000, guid: 816c52b73d7a1de4d8f07430f0420752, type: 3}
  m_Name: 
  m_EditorClassIdentifier: 
  partMeshType: main
  setMaterialIndex: -1
--- !u!64 &2204995171036431422
MeshCollider:
  m_ObjectHideFlags: 0
  m_CorrespondingSourceObject: {fileID: 0}
  m_PrefabInstance: {fileID: 0}
  m_PrefabAsset: {fileID: 0}
  m_GameObject: {fileID: 4232681976542463311}
  m_Material: {fileID: 0}
  m_IsTrigger: 0
  m_Enabled: 1
  serializedVersion: 3
  m_Convex: 0
  m_CookingOptions: 14
  m_Mesh: {fileID: 8104087988032297839, guid: 61e799d09eac35148b6a217ae29a0289, type: 3}
--- !u!114 &4851546858852103575
MonoBehaviour:
  m_ObjectHideFlags: 0
  m_CorrespondingSourceObject: {fileID: 0}
  m_PrefabInstance: {fileID: 0}
  m_PrefabAsset: {fileID: 0}
  m_GameObject: {fileID: 4232681976542463311}
  m_Enabled: 1
  m_EditorHideFlags: 0
  m_Script: {fileID: 11500000, guid: 816c52b73d7a1de4d8f07430f0420752, type: 3}
  m_Name: 
  m_EditorClassIdentifier: 
  partMeshType: main
  setMaterialIndex: -1
--- !u!64 &5917332710924526932
MeshCollider:
  m_ObjectHideFlags: 0
  m_CorrespondingSourceObject: {fileID: 0}
  m_PrefabInstance: {fileID: 0}
  m_PrefabAsset: {fileID: 0}
  m_GameObject: {fileID: 6790564315679523318}
  m_Material: {fileID: 0}
  m_IsTrigger: 0
  m_Enabled: 1
  serializedVersion: 3
  m_Convex: 0
  m_CookingOptions: 14
  m_Mesh: {fileID: 3046318511035341446, guid: 61e799d09eac35148b6a217ae29a0289, type: 3}
--- !u!114 &2809213351158656818
MonoBehaviour:
  m_ObjectHideFlags: 0
  m_CorrespondingSourceObject: {fileID: 0}
  m_PrefabInstance: {fileID: 0}
  m_PrefabAsset: {fileID: 0}
  m_GameObject: {fileID: 6790564315679523318}
  m_Enabled: 1
  m_EditorHideFlags: 0
  m_Script: {fileID: 11500000, guid: 1030b2116dfab9343be14c0d0839ab5e, type: 3}
  m_Name: 
  m_EditorClassIdentifier: 
  ActivateObject: {fileID: 1461894349491986299}
  deactivateOnStart: 0
--- !u!114 &4655865001978057761
MonoBehaviour:
  m_ObjectHideFlags: 0
  m_CorrespondingSourceObject: {fileID: 0}
  m_PrefabInstance: {fileID: 0}
  m_PrefabAsset: {fileID: 0}
  m_GameObject: {fileID: 6790564315679523318}
  m_Enabled: 1
  m_EditorHideFlags: 0
  m_Script: {fileID: 11500000, guid: 816c52b73d7a1de4d8f07430f0420752, type: 3}
  m_Name: 
  m_EditorClassIdentifier: 
  partMeshType: main
  setMaterialIndex: -1
--- !u!64 &5674573656371678186
MeshCollider:
  m_ObjectHideFlags: 0
  m_CorrespondingSourceObject: {fileID: 0}
  m_PrefabInstance: {fileID: 0}
  m_PrefabAsset: {fileID: 0}
  m_GameObject: {fileID: 6889801092931701833}
  m_Material: {fileID: 0}
  m_IsTrigger: 0
  m_Enabled: 1
  serializedVersion: 3
  m_Convex: 0
  m_CookingOptions: 14
  m_Mesh: {fileID: 6547753115207248291, guid: 61e799d09eac35148b6a217ae29a0289, type: 3}
--- !u!114 &345249925799323825
MonoBehaviour:
  m_ObjectHideFlags: 0
  m_CorrespondingSourceObject: {fileID: 0}
  m_PrefabInstance: {fileID: 0}
  m_PrefabAsset: {fileID: 0}
  m_GameObject: {fileID: 6889801092931701833}
  m_Enabled: 1
  m_EditorHideFlags: 0
  m_Script: {fileID: 11500000, guid: 1030b2116dfab9343be14c0d0839ab5e, type: 3}
  m_Name: 
  m_EditorClassIdentifier: 
  ActivateObject: {fileID: 1438824797282581341}
  deactivateOnStart: 0
--- !u!114 &1941595400977256988
MonoBehaviour:
  m_ObjectHideFlags: 0
  m_CorrespondingSourceObject: {fileID: 0}
  m_PrefabInstance: {fileID: 0}
  m_PrefabAsset: {fileID: 0}
  m_GameObject: {fileID: 6889801092931701833}
  m_Enabled: 1
  m_EditorHideFlags: 0
  m_Script: {fileID: 11500000, guid: 816c52b73d7a1de4d8f07430f0420752, type: 3}
  m_Name: 
  m_EditorClassIdentifier: 
  partMeshType: main
  setMaterialIndex: -1
--- !u!114 &9032509400395112536
MonoBehaviour:
  m_ObjectHideFlags: 0
  m_CorrespondingSourceObject: {fileID: 0}
  m_PrefabInstance: {fileID: 0}
  m_PrefabAsset: {fileID: 0}
  m_GameObject: {fileID: 8887132563740478714}
  m_Enabled: 1
  m_EditorHideFlags: 0
  m_Script: {fileID: 11500000, guid: 298df71d7d1c94f47a9df2b26686031c, type: 3}
  m_Name: 
  m_EditorClassIdentifier: 
  type: 0
  connection: l
  partPointGUI: {fileID: 0}
  activateOnDisconnect: []
  connectedTo: {fileID: 0}
  part: {fileID: 0}
--- !u!114 &5990259010143280513
MonoBehaviour:
  m_ObjectHideFlags: 0
  m_CorrespondingSourceObject: {fileID: 0}
  m_PrefabInstance: {fileID: 0}
  m_PrefabAsset: {fileID: 0}
  m_GameObject: {fileID: 9063036473527708749}
  m_Enabled: 1
  m_EditorHideFlags: 0
  m_Script: {fileID: 11500000, guid: 298df71d7d1c94f47a9df2b26686031c, type: 3}
  m_Name: 
  m_EditorClassIdentifier: 
  type: 0
  connection: r
  partPointGUI: {fileID: 0}
  activateOnDisconnect: []
  connectedTo: {fileID: 0}
  part: {fileID: 0}
--- !u!1001 &567025763839091857
PrefabInstance:
  m_ObjectHideFlags: 0
  serializedVersion: 2
  m_Modification:
    m_TransformParent: {fileID: 7823227732921661955}
    m_Modifications:
    - target: {fileID: -927199367670048503, guid: 61e799d09eac35148b6a217ae29a0289,
        type: 3}
      propertyPath: m_Name
      value: SR
      objectReference: {fileID: 0}
    - target: {fileID: -927199367670048503, guid: 61e799d09eac35148b6a217ae29a0289,
        type: 3}
      propertyPath: m_Layer
      value: 9
      objectReference: {fileID: 0}
    - target: {fileID: -249082167511914389, guid: 61e799d09eac35148b6a217ae29a0289,
        type: 3}
      propertyPath: m_Layer
      value: 9
      objectReference: {fileID: 0}
    - target: {fileID: -425549164909655844, guid: 61e799d09eac35148b6a217ae29a0289,
        type: 3}
      propertyPath: m_Layer
      value: 9
      objectReference: {fileID: 0}
    - target: {fileID: 7932886755990887746, guid: 61e799d09eac35148b6a217ae29a0289,
        type: 3}
      propertyPath: m_Layer
      value: 9
      objectReference: {fileID: 0}
    - target: {fileID: -4216859302048453862, guid: 61e799d09eac35148b6a217ae29a0289,
        type: 3}
      propertyPath: m_LocalPosition.x
      value: 0
      objectReference: {fileID: 0}
    - target: {fileID: -4216859302048453862, guid: 61e799d09eac35148b6a217ae29a0289,
        type: 3}
      propertyPath: m_LocalPosition.y
      value: 0
      objectReference: {fileID: 0}
    - target: {fileID: -4216859302048453862, guid: 61e799d09eac35148b6a217ae29a0289,
        type: 3}
      propertyPath: m_LocalPosition.z
      value: 0
      objectReference: {fileID: 0}
    - target: {fileID: -4216859302048453862, guid: 61e799d09eac35148b6a217ae29a0289,
        type: 3}
      propertyPath: m_LocalRotation.x
      value: 0
      objectReference: {fileID: 0}
    - target: {fileID: -4216859302048453862, guid: 61e799d09eac35148b6a217ae29a0289,
        type: 3}
      propertyPath: m_LocalRotation.y
      value: 0
      objectReference: {fileID: 0}
    - target: {fileID: -4216859302048453862, guid: 61e799d09eac35148b6a217ae29a0289,
        type: 3}
      propertyPath: m_LocalRotation.z
      value: 0
      objectReference: {fileID: 0}
    - target: {fileID: -4216859302048453862, guid: 61e799d09eac35148b6a217ae29a0289,
        type: 3}
      propertyPath: m_LocalRotation.w
      value: 1
      objectReference: {fileID: 0}
    - target: {fileID: -4216859302048453862, guid: 61e799d09eac35148b6a217ae29a0289,
        type: 3}
      propertyPath: m_RootOrder
      value: 0
      objectReference: {fileID: 0}
    - target: {fileID: -4216859302048453862, guid: 61e799d09eac35148b6a217ae29a0289,
        type: 3}
      propertyPath: m_LocalEulerAnglesHint.x
      value: 0
      objectReference: {fileID: 0}
    - target: {fileID: -4216859302048453862, guid: 61e799d09eac35148b6a217ae29a0289,
        type: 3}
      propertyPath: m_LocalEulerAnglesHint.y
      value: 0
      objectReference: {fileID: 0}
    - target: {fileID: -4216859302048453862, guid: 61e799d09eac35148b6a217ae29a0289,
        type: 3}
      propertyPath: m_LocalEulerAnglesHint.z
      value: 0
      objectReference: {fileID: 0}
    - target: {fileID: -4799716553818070562, guid: 61e799d09eac35148b6a217ae29a0289,
        type: 3}
      propertyPath: m_Layer
      value: 9
      objectReference: {fileID: 0}
    - target: {fileID: 2808707277971527149, guid: 61e799d09eac35148b6a217ae29a0289,
        type: 3}
      propertyPath: m_Layer
      value: 9
      objectReference: {fileID: 0}
    - target: {fileID: 6476902671786321255, guid: 61e799d09eac35148b6a217ae29a0289,
        type: 3}
      propertyPath: m_Layer
      value: 9
      objectReference: {fileID: 0}
    - target: {fileID: 4238553885405486512, guid: 61e799d09eac35148b6a217ae29a0289,
        type: 3}
      propertyPath: m_Materials.Array.data[0]
      value: 
      objectReference: {fileID: 2100000, guid: 265f73e3aaf5176429a5e5901e841c36, type: 2}
    - target: {fileID: 1452905016755134412, guid: 61e799d09eac35148b6a217ae29a0289,
        type: 3}
      propertyPath: m_Layer
      value: 9
      objectReference: {fileID: 0}
    - target: {fileID: 3162187697530948012, guid: 61e799d09eac35148b6a217ae29a0289,
        type: 3}
      propertyPath: m_Materials.Array.data[0]
      value: 
      objectReference: {fileID: 2100000, guid: 265f73e3aaf5176429a5e5901e841c36, type: 2}
    - target: {fileID: -2863436715138914088, guid: 61e799d09eac35148b6a217ae29a0289,
        type: 3}
      propertyPath: m_Layer
      value: 9
      objectReference: {fileID: 0}
    - target: {fileID: -2863436715138914088, guid: 61e799d09eac35148b6a217ae29a0289,
        type: 3}
      propertyPath: m_IsActive
      value: 0
      objectReference: {fileID: 0}
    - target: {fileID: -5227047578026306472, guid: 61e799d09eac35148b6a217ae29a0289,
        type: 3}
      propertyPath: m_Layer
      value: 9
      objectReference: {fileID: 0}
    - target: {fileID: -7811550969727976470, guid: 61e799d09eac35148b6a217ae29a0289,
        type: 3}
      propertyPath: m_Layer
      value: 9
      objectReference: {fileID: 0}
    - target: {fileID: -7811550969727976470, guid: 61e799d09eac35148b6a217ae29a0289,
        type: 3}
      propertyPath: m_IsActive
      value: 0
      objectReference: {fileID: 0}
    - target: {fileID: 2420773584482677912, guid: 61e799d09eac35148b6a217ae29a0289,
        type: 3}
      propertyPath: m_Layer
      value: 9
      objectReference: {fileID: 0}
    - target: {fileID: 228264401333423446, guid: 61e799d09eac35148b6a217ae29a0289,
        type: 3}
      propertyPath: m_Materials.Array.data[0]
      value: 
      objectReference: {fileID: 2100000, guid: 265f73e3aaf5176429a5e5901e841c36, type: 2}
    - target: {fileID: -7438653371585604405, guid: 61e799d09eac35148b6a217ae29a0289,
        type: 3}
      propertyPath: m_Layer
      value: 9
      objectReference: {fileID: 0}
    - target: {fileID: -7288946981521101046, guid: 61e799d09eac35148b6a217ae29a0289,
        type: 3}
      propertyPath: m_Materials.Array.data[0]
      value: 
      objectReference: {fileID: 2100000, guid: 265f73e3aaf5176429a5e5901e841c36, type: 2}
    - target: {fileID: 8750068223560353230, guid: 61e799d09eac35148b6a217ae29a0289,
        type: 3}
      propertyPath: m_Materials.Array.data[0]
      value: 
      objectReference: {fileID: 2100000, guid: 265f73e3aaf5176429a5e5901e841c36, type: 2}
    m_RemovedComponents: []
  m_SourcePrefab: {fileID: 100100000, guid: 61e799d09eac35148b6a217ae29a0289, type: 3}
--- !u!4 &4802189752696967051 stripped
Transform:
  m_CorrespondingSourceObject: {fileID: -4216859302048453862, guid: 61e799d09eac35148b6a217ae29a0289,
    type: 3}
  m_PrefabInstance: {fileID: 567025763839091857}
  m_PrefabAsset: {fileID: 0}
--- !u!1 &8887132563740478714 stripped
GameObject:
  m_CorrespondingSourceObject: {fileID: -249082167511914389, guid: 61e799d09eac35148b6a217ae29a0289,
    type: 3}
  m_PrefabInstance: {fileID: 567025763839091857}
  m_PrefabAsset: {fileID: 0}
--- !u!1 &9063036473527708749 stripped
GameObject:
  m_CorrespondingSourceObject: {fileID: -425549164909655844, guid: 61e799d09eac35148b6a217ae29a0289,
    type: 3}
  m_PrefabInstance: {fileID: 567025763839091857}
  m_PrefabAsset: {fileID: 0}
--- !u!1 &4232681976542463311 stripped
GameObject:
  m_CorrespondingSourceObject: {fileID: -4799716553818070562, guid: 61e799d09eac35148b6a217ae29a0289,
    type: 3}
  m_PrefabInstance: {fileID: 567025763839091857}
  m_PrefabAsset: {fileID: 0}
--- !u!1 &1461894349491986299 stripped
GameObject:
  m_CorrespondingSourceObject: {fileID: -7811550969727976470, guid: 61e799d09eac35148b6a217ae29a0289,
    type: 3}
  m_PrefabInstance: {fileID: 567025763839091857}
  m_PrefabAsset: {fileID: 0}
--- !u!1 &2757938354571087881 stripped
GameObject:
  m_CorrespondingSourceObject: {fileID: 2420773584482677912, guid: 61e799d09eac35148b6a217ae29a0289,
    type: 3}
  m_PrefabInstance: {fileID: 567025763839091857}
  m_PrefabAsset: {fileID: 0}
--- !u!1 &1438824797282581341 stripped
GameObject:
  m_CorrespondingSourceObject: {fileID: 1452905016755134412, guid: 61e799d09eac35148b6a217ae29a0289,
    type: 3}
  m_PrefabInstance: {fileID: 567025763839091857}
  m_PrefabAsset: {fileID: 0}
--- !u!1 &2241353104660328538 stripped
GameObject:
  m_CorrespondingSourceObject: {fileID: -7438653371585604405, guid: 61e799d09eac35148b6a217ae29a0289,
    type: 3}
  m_PrefabInstance: {fileID: 567025763839091857}
  m_PrefabAsset: {fileID: 0}
--- !u!1 &6790564315679523318 stripped
GameObject:
  m_CorrespondingSourceObject: {fileID: 6476902671786321255, guid: 61e799d09eac35148b6a217ae29a0289,
    type: 3}
  m_PrefabInstance: {fileID: 567025763839091857}
  m_PrefabAsset: {fileID: 0}
--- !u!1 &3507091376039964873 stripped
GameObject:
  m_CorrespondingSourceObject: {fileID: -5227047578026306472, guid: 61e799d09eac35148b6a217ae29a0289,
    type: 3}
  m_PrefabInstance: {fileID: 567025763839091857}
  m_PrefabAsset: {fileID: 0}
--- !u!1 &2388300397561491836 stripped
GameObject:
  m_CorrespondingSourceObject: {fileID: 2808707277971527149, guid: 61e799d09eac35148b6a217ae29a0289,
    type: 3}
  m_PrefabInstance: {fileID: 567025763839091857}
  m_PrefabAsset: {fileID: 0}
--- !u!1 &6889801092931701833 stripped
GameObject:
  m_CorrespondingSourceObject: {fileID: -2863436715138914088, guid: 61e799d09eac35148b6a217ae29a0289,
    type: 3}
  m_PrefabInstance: {fileID: 567025763839091857}
  m_PrefabAsset: {fileID: 0}
