%YAML 1.1
%TAG !u! tag:unity3d.com,2011:
--- !u!64 &4937581167660870526
MeshCollider:
  m_ObjectHideFlags: 0
  m_CorrespondingSourceObject: {fileID: 0}
  m_PrefabInstance: {fileID: 0}
  m_PrefabAsset: {fileID: 0}
  m_GameObject: {fileID: 1320058579453517124}
  m_Material: {fileID: 0}
  m_IsTrigger: 0
  m_Enabled: 1
  serializedVersion: 3
  m_Convex: 0
  m_CookingOptions: 14
  m_Mesh: {fileID: -4387718024204956827, guid: 994b88471b5f6a544aa28f2e15768d49, type: 3}
--- !u!114 &3037631353942583819
MonoBehaviour:
  m_ObjectHideFlags: 0
  m_CorrespondingSourceObject: {fileID: 0}
  m_PrefabInstance: {fileID: 0}
  m_PrefabAsset: {fileID: 0}
  m_GameObject: {fileID: 1320058579453517124}
  m_Enabled: 1
  m_EditorHideFlags: 0
  m_Script: {fileID: 11500000, guid: 816c52b73d7a1de4d8f07430f0420752, type: 3}
  m_Name: 
  m_EditorClassIdentifier: 
  partMeshType: main
  setMaterialIndex: -1
  setMaterialIndex2: -1
  sewing: 0
--- !u!114 &2945448782885957374
MonoBehaviour:
  m_ObjectHideFlags: 0
  m_CorrespondingSourceObject: {fileID: 0}
  m_PrefabInstance: {fileID: 0}
  m_PrefabAsset: {fileID: 0}
  m_GameObject: {fileID: 2304807732957582006}
  m_Enabled: 1
  m_EditorHideFlags: 0
  m_Script: {fileID: 11500000, guid: 816c52b73d7a1de4d8f07430f0420752, type: 3}
  m_Name: 
  m_EditorClassIdentifier: 
  partMeshType: legs
  setMaterialIndex: -1
  setMaterialIndex2: -1
  sewing: 0
--- !u!64 &4293542340866075763
MeshCollider:
  m_ObjectHideFlags: 0
  m_CorrespondingSourceObject: {fileID: 0}
  m_PrefabInstance: {fileID: 0}
  m_PrefabAsset: {fileID: 0}
  m_GameObject: {fileID: 4070099499425155850}
  m_Material: {fileID: 0}
  m_IsTrigger: 0
  m_Enabled: 1
  serializedVersion: 3
  m_Convex: 0
  m_CookingOptions: 14
  m_Mesh: {fileID: -1858843617880045969, guid: 994b88471b5f6a544aa28f2e15768d49, type: 3}
--- !u!114 &7305128872559049651
MonoBehaviour:
  m_ObjectHideFlags: 0
  m_CorrespondingSourceObject: {fileID: 0}
  m_PrefabInstance: {fileID: 0}
  m_PrefabAsset: {fileID: 0}
  m_GameObject: {fileID: 4070099499425155850}
  m_Enabled: 1
  m_EditorHideFlags: 0
  m_Script: {fileID: 11500000, guid: 816c52b73d7a1de4d8f07430f0420752, type: 3}
  m_Name: 
  m_EditorClassIdentifier: 
  partMeshType: main
  setMaterialIndex: -1
  setMaterialIndex2: -1
  sewing: 0
--- !u!114 &5190968453312244534
MonoBehaviour:
  m_ObjectHideFlags: 0
  m_CorrespondingSourceObject: {fileID: 0}
  m_PrefabInstance: {fileID: 0}
  m_PrefabAsset: {fileID: 0}
  m_GameObject: {fileID: 6311461379601308828}
  m_Enabled: 1
  m_EditorHideFlags: 0
  m_Script: {fileID: 11500000, guid: 816c52b73d7a1de4d8f07430f0420752, type: 3}
  m_Name: 
  m_EditorClassIdentifier: 
  partMeshType: legs2
  setMaterialIndex: -1
  setMaterialIndex2: -1
  sewing: 0
--- !u!114 &4755540781970759231
MonoBehaviour:
  m_ObjectHideFlags: 0
  m_CorrespondingSourceObject: {fileID: 0}
  m_PrefabInstance: {fileID: 0}
  m_PrefabAsset: {fileID: 0}
  m_GameObject: {fileID: 7660673849534596550}
  m_Enabled: 1
  m_EditorHideFlags: 0
  m_Script: {fileID: 11500000, guid: 816c52b73d7a1de4d8f07430f0420752, type: 3}
  m_Name: 
  m_EditorClassIdentifier: 
  partMeshType: legs
  setMaterialIndex: -1
  setMaterialIndex2: -1
  sewing: 0
--- !u!114 &2799074803906564944
MonoBehaviour:
  m_ObjectHideFlags: 0
  m_CorrespondingSourceObject: {fileID: 0}
  m_PrefabInstance: {fileID: 0}
  m_PrefabAsset: {fileID: 0}
  m_GameObject: {fileID: 7969539031311599304}
  m_Enabled: 1
  m_EditorHideFlags: 0
  m_Script: {fileID: 11500000, guid: 298df71d7d1c94f47a9df2b26686031c, type: 3}
  m_Name: 
  m_EditorClassIdentifier: 
  type: 0
  connection: l
  allowedCategories: []
  disallowedCategories: []
  partPointGUI: {fileID: 0}
  activateOnDisconnect: []
  connectedTo: {fileID: 0}
  part: {fileID: 0}
--- !u!114 &8247703319272259822
MonoBehaviour:
  m_ObjectHideFlags: 0
  m_CorrespondingSourceObject: {fileID: 0}
  m_PrefabInstance: {fileID: 0}
  m_PrefabAsset: {fileID: 0}
  m_GameObject: {fileID: 8368452279026938580}
  m_Enabled: 1
  m_EditorHideFlags: 0
  m_Script: {fileID: 11500000, guid: 816c52b73d7a1de4d8f07430f0420752, type: 3}
  m_Name: 
  m_EditorClassIdentifier: 
  partMeshType: legs
  setMaterialIndex: -1
  setMaterialIndex2: -1
  sewing: 0
--- !u!114 &4125293191816567184
MonoBehaviour:
  m_ObjectHideFlags: 0
  m_CorrespondingSourceObject: {fileID: 0}
  m_PrefabInstance: {fileID: 0}
  m_PrefabAsset: {fileID: 0}
  m_GameObject: {fileID: 8368452279026938580}
  m_Enabled: 1
  m_EditorHideFlags: 0
  m_Script: {fileID: 11500000, guid: 6babaae144bcc55458a5958fa7d6af9c, type: 3}
  m_Name: 
  m_EditorClassIdentifier: 
  optionalFunctions:
  - {fileID: 11400000, guid: c53afd1aceb3a194ab6025f7e52a77cd, type: 2}
  - {fileID: 11400000, guid: e3de8fb2553047b4fae5a44110a91cfb, type: 2}
--- !u!1 &9130693929248517887
GameObject:
  m_ObjectHideFlags: 0
  m_CorrespondingSourceObject: {fileID: 0}
  m_PrefabInstance: {fileID: 0}
  m_PrefabAsset: {fileID: 0}
  serializedVersion: 6
  m_Component:
  - component: {fileID: 7633590795275713805}
  - component: {fileID: 759507806268099691}
  m_Layer: 9
  m_Name: et_ARM_1_L
  m_TagString: Untagged
  m_Icon: {fileID: 0}
  m_NavMeshLayer: 0
  m_StaticEditorFlags: 0
  m_IsActive: 1
--- !u!4 &7633590795275713805
Transform:
  m_ObjectHideFlags: 0
  m_CorrespondingSourceObject: {fileID: 0}
  m_PrefabInstance: {fileID: 0}
  m_PrefabAsset: {fileID: 0}
  m_GameObject: {fileID: 9130693929248517887}
  m_LocalRotation: {x: 0, y: 1, z: 0, w: 0}
  m_LocalPosition: {x: 0, y: 0, z: 0}
  m_LocalScale: {x: 1, y: 1, z: 1}
  m_Children:
  - {fileID: 4443128999576957760}
  m_Father: {fileID: 0}
  m_RootOrder: 0
  m_LocalEulerAnglesHint: {x: 0, y: 180, z: 0}
--- !u!114 &759507806268099691
MonoBehaviour:
  m_ObjectHideFlags: 0
  m_CorrespondingSourceObject: {fileID: 0}
  m_PrefabInstance: {fileID: 0}
  m_PrefabAsset: {fileID: 0}
  m_GameObject: {fileID: 9130693929248517887}
  m_Enabled: 1
  m_EditorHideFlags: 0
  m_Script: {fileID: 11500000, guid: de305606890b87e42a58c187eba6fe10, type: 3}
  m_Name: 
  m_EditorClassIdentifier: 
  partName: "Podru\u010D"
  partNameCombinations: []
  partDescription: 
  partCategory: arm
  includeInDimensions: 1
  dimensions: {x: 0.24115926, y: 0.63134336, z: 0.98311424}
  image: {fileID: 21300000, guid: ad599bd063f081b4da55ce0af93f9043, type: 3}
  type: 0
  partPoints:
  - {fileID: 2799074803906564944}
  canBeStandalone: 0
  sewingNames: []
  OnPartPointConnect:
    m_PersistentCalls:
      m_Calls: []
  possibleOptionalFunctions:
  - {fileID: 11400000, guid: c53afd1aceb3a194ab6025f7e52a77cd, type: 2}
  - {fileID: 11400000, guid: 1cfbcf610acf14b47b0dfdc3bc2f4535, type: 2}
  - {fileID: 11400000, guid: e3de8fb2553047b4fae5a44110a91cfb, type: 2}
  selectedOptionalFunction: {fileID: 0}
--- !u!1001 &8706476804319008858
PrefabInstance:
  m_ObjectHideFlags: 0
  serializedVersion: 2
  m_Modification:
    m_TransformParent: {fileID: 7633590795275713805}
    m_Modifications:
    - target: {fileID: -927199367670048503, guid: 994b88471b5f6a544aa28f2e15768d49,
        type: 3}
      propertyPath: m_Name
      value: et_ARM_1_L
      objectReference: {fileID: 0}
    - target: {fileID: -927199367670048503, guid: 994b88471b5f6a544aa28f2e15768d49,
        type: 3}
      propertyPath: m_Layer
      value: 9
      objectReference: {fileID: 0}
    - target: {fileID: -8290799788649502066, guid: 994b88471b5f6a544aa28f2e15768d49,
        type: 3}
      propertyPath: m_Layer
      value: 9
      objectReference: {fileID: 0}
    - target: {fileID: 1606345806358290066, guid: 994b88471b5f6a544aa28f2e15768d49,
        type: 3}
      propertyPath: m_Layer
      value: 9
      objectReference: {fileID: 0}
    - target: {fileID: 4659109502751576912, guid: 994b88471b5f6a544aa28f2e15768d49,
        type: 3}
      propertyPath: m_Layer
      value: 9
      objectReference: {fileID: 0}
    - target: {fileID: -1548582073934789346, guid: 994b88471b5f6a544aa28f2e15768d49,
        type: 3}
      propertyPath: m_Layer
      value: 9
      objectReference: {fileID: 0}
    - target: {fileID: -1548582073934789346, guid: 994b88471b5f6a544aa28f2e15768d49,
        type: 3}
      propertyPath: m_IsActive
      value: 0
      objectReference: {fileID: 0}
    - target: {fileID: -5817157405038394170, guid: 994b88471b5f6a544aa28f2e15768d49,
        type: 3}
      propertyPath: m_Layer
      value: 9
      objectReference: {fileID: 0}
    - target: {fileID: -5817157405038394170, guid: 994b88471b5f6a544aa28f2e15768d49,
        type: 3}
      propertyPath: m_IsActive
      value: 0
      objectReference: {fileID: 0}
    - target: {fileID: 1334104259674676636, guid: 994b88471b5f6a544aa28f2e15768d49,
        type: 3}
      propertyPath: m_Layer
      value: 9
      objectReference: {fileID: 0}
    - target: {fileID: 7435386831180286700, guid: 994b88471b5f6a544aa28f2e15768d49,
        type: 3}
      propertyPath: m_Layer
      value: 9
      objectReference: {fileID: 0}
    - target: {fileID: -4216859302048453862, guid: 994b88471b5f6a544aa28f2e15768d49,
        type: 3}
      propertyPath: m_LocalPosition.x
      value: 0
      objectReference: {fileID: 0}
    - target: {fileID: -4216859302048453862, guid: 994b88471b5f6a544aa28f2e15768d49,
        type: 3}
      propertyPath: m_LocalPosition.y
      value: 0
      objectReference: {fileID: 0}
    - target: {fileID: -4216859302048453862, guid: 994b88471b5f6a544aa28f2e15768d49,
        type: 3}
      propertyPath: m_LocalPosition.z
      value: 0
      objectReference: {fileID: 0}
    - target: {fileID: -4216859302048453862, guid: 994b88471b5f6a544aa28f2e15768d49,
        type: 3}
      propertyPath: m_LocalRotation.x
      value: 0
      objectReference: {fileID: 0}
    - target: {fileID: -4216859302048453862, guid: 994b88471b5f6a544aa28f2e15768d49,
        type: 3}
      propertyPath: m_LocalRotation.y
      value: 0
      objectReference: {fileID: 0}
    - target: {fileID: -4216859302048453862, guid: 994b88471b5f6a544aa28f2e15768d49,
        type: 3}
      propertyPath: m_LocalRotation.z
      value: 0
      objectReference: {fileID: 0}
    - target: {fileID: -4216859302048453862, guid: 994b88471b5f6a544aa28f2e15768d49,
        type: 3}
      propertyPath: m_LocalRotation.w
      value: 1
      objectReference: {fileID: 0}
    - target: {fileID: -4216859302048453862, guid: 994b88471b5f6a544aa28f2e15768d49,
        type: 3}
      propertyPath: m_RootOrder
      value: 0
      objectReference: {fileID: 0}
    - target: {fileID: -4216859302048453862, guid: 994b88471b5f6a544aa28f2e15768d49,
        type: 3}
      propertyPath: m_LocalEulerAnglesHint.x
      value: 0
      objectReference: {fileID: 0}
    - target: {fileID: -4216859302048453862, guid: 994b88471b5f6a544aa28f2e15768d49,
        type: 3}
      propertyPath: m_LocalEulerAnglesHint.y
      value: 0
      objectReference: {fileID: 0}
    - target: {fileID: -4216859302048453862, guid: 994b88471b5f6a544aa28f2e15768d49,
        type: 3}
      propertyPath: m_LocalEulerAnglesHint.z
      value: 0
      objectReference: {fileID: 0}
    - target: {fileID: 3746474104025709549, guid: 994b88471b5f6a544aa28f2e15768d49,
        type: 3}
      propertyPath: m_Materials.Array.data[0]
      value: 
      objectReference: {fileID: 2100000, guid: ef0a40ef0c4155445bab600761bd9a08, type: 2}
    - target: {fileID: 3746474104025709549, guid: 994b88471b5f6a544aa28f2e15768d49,
        type: 3}
      propertyPath: m_Materials.Array.data[1]
      value: 
      objectReference: {fileID: 2100000, guid: ef0a40ef0c4155445bab600761bd9a08, type: 2}
    - target: {fileID: -5460830727884257690, guid: 994b88471b5f6a544aa28f2e15768d49,
        type: 3}
      propertyPath: m_Materials.Array.data[0]
      value: 
      objectReference: {fileID: 2100000, guid: ef0a40ef0c4155445bab600761bd9a08, type: 2}
    - target: {fileID: -5460830727884257690, guid: 994b88471b5f6a544aa28f2e15768d49,
        type: 3}
      propertyPath: m_Materials.Array.data[1]
      value: 
      objectReference: {fileID: 2100000, guid: ef0a40ef0c4155445bab600761bd9a08, type: 2}
    - target: {fileID: 1827701363240520883, guid: 994b88471b5f6a544aa28f2e15768d49,
        type: 3}
      propertyPath: m_Materials.Array.data[0]
      value: 
      objectReference: {fileID: 2100000, guid: 2abd7b2298a510a4aa3c01245cd0c1ec, type: 2}
    - target: {fileID: -8670253441157935311, guid: 994b88471b5f6a544aa28f2e15768d49,
        type: 3}
      propertyPath: m_Materials.Array.data[0]
      value: 
      objectReference: {fileID: 2100000, guid: ef0a40ef0c4155445bab600761bd9a08, type: 2}
    - target: {fileID: -8670253441157935311, guid: 994b88471b5f6a544aa28f2e15768d49,
        type: 3}
      propertyPath: m_Materials.Array.data[1]
      value: 
      objectReference: {fileID: 2100000, guid: ef0a40ef0c4155445bab600761bd9a08, type: 2}
    m_RemovedComponents: []
  m_SourcePrefab: {fileID: 100100000, guid: 994b88471b5f6a544aa28f2e15768d49, type: 3}
--- !u!4 &4443128999576957760 stripped
Transform:
  m_CorrespondingSourceObject: {fileID: -4216859302048453862, guid: 994b88471b5f6a544aa28f2e15768d49,
    type: 3}
  m_PrefabInstance: {fileID: 8706476804319008858}
  m_PrefabAsset: {fileID: 0}
--- !u!1 &8368452279026938580 stripped
GameObject:
  m_CorrespondingSourceObject: {fileID: -8290799788649502066, guid: 994b88471b5f6a544aa28f2e15768d49,
    type: 3}
  m_PrefabInstance: {fileID: 8706476804319008858}
  m_PrefabAsset: {fileID: 0}
--- !u!1 &7969539031311599304 stripped
GameObject:
  m_CorrespondingSourceObject: {fileID: 1606345806358290066, guid: 994b88471b5f6a544aa28f2e15768d49,
    type: 3}
  m_PrefabInstance: {fileID: 8706476804319008858}
  m_PrefabAsset: {fileID: 0}
--- !u!1 &4070099499425155850 stripped
GameObject:
  m_CorrespondingSourceObject: {fileID: 4659109502751576912, guid: 994b88471b5f6a544aa28f2e15768d49,
    type: 3}
  m_PrefabInstance: {fileID: 8706476804319008858}
  m_PrefabAsset: {fileID: 0}
--- !u!1 &1320058579453517124 stripped
GameObject:
  m_CorrespondingSourceObject: {fileID: -1548582073934789346, guid: 994b88471b5f6a544aa28f2e15768d49,
    type: 3}
  m_PrefabInstance: {fileID: 8706476804319008858}
  m_PrefabAsset: {fileID: 0}
--- !u!1 &6311461379601308828 stripped
GameObject:
  m_CorrespondingSourceObject: {fileID: -5817157405038394170, guid: 994b88471b5f6a544aa28f2e15768d49,
    type: 3}
  m_PrefabInstance: {fileID: 8706476804319008858}
  m_PrefabAsset: {fileID: 0}
--- !u!1 &7660673849534596550 stripped
GameObject:
  m_CorrespondingSourceObject: {fileID: 1334104259674676636, guid: 994b88471b5f6a544aa28f2e15768d49,
    type: 3}
  m_PrefabInstance: {fileID: 8706476804319008858}
  m_PrefabAsset: {fileID: 0}
--- !u!1 &2304807732957582006 stripped
GameObject:
  m_CorrespondingSourceObject: {fileID: 7435386831180286700, guid: 994b88471b5f6a544aa28f2e15768d49,
    type: 3}
  m_PrefabInstance: {fileID: 8706476804319008858}
  m_PrefabAsset: {fileID: 0}
