%YAML 1.1
%TAG !u! tag:unity3d.com,2011:
--- !u!64 &7140548316165828662
MeshCollider:
  m_ObjectHideFlags: 0
  m_CorrespondingSourceObject: {fileID: 0}
  m_PrefabInstance: {fileID: 0}
  m_PrefabAsset: {fileID: 0}
  m_GameObject: {fileID: 698182781547229735}
  m_Material: {fileID: 0}
  m_IsTrigger: 0
  m_Enabled: 1
  serializedVersion: 3
  m_Convex: 0
  m_CookingOptions: 14
  m_Mesh: {fileID: -3146313941328651938, guid: 95d626420f685ac4b9862312d6d51ff8, type: 3}
--- !u!114 &2206204220005716669
MonoBehaviour:
  m_ObjectHideFlags: 0
  m_CorrespondingSourceObject: {fileID: 0}
  m_PrefabInstance: {fileID: 0}
  m_PrefabAsset: {fileID: 0}
  m_GameObject: {fileID: 698182781547229735}
  m_Enabled: 1
  m_EditorHideFlags: 0
  m_Script: {fileID: 11500000, guid: 816c52b73d7a1de4d8f07430f0420752, type: 3}
  m_Name: 
  m_EditorClassIdentifier: 
  partMeshType: main
  setMaterialIndex: -1
  setMaterialIndex2: -1
  sewing: 0
--- !u!64 &7421575699444397422
MeshCollider:
  m_ObjectHideFlags: 0
  m_CorrespondingSourceObject: {fileID: 0}
  m_PrefabInstance: {fileID: 0}
  m_PrefabAsset: {fileID: 0}
  m_GameObject: {fileID: 2075237613069472773}
  m_Material: {fileID: 0}
  m_IsTrigger: 0
  m_Enabled: 1
  serializedVersion: 3
  m_Convex: 0
  m_CookingOptions: 14
  m_Mesh: {fileID: 1809987451228166715, guid: 95d626420f685ac4b9862312d6d51ff8, type: 3}
--- !u!114 &1187572114389049155
MonoBehaviour:
  m_ObjectHideFlags: 0
  m_CorrespondingSourceObject: {fileID: 0}
  m_PrefabInstance: {fileID: 0}
  m_PrefabAsset: {fileID: 0}
  m_GameObject: {fileID: 2075237613069472773}
  m_Enabled: 1
  m_EditorHideFlags: 0
  m_Script: {fileID: 11500000, guid: 816c52b73d7a1de4d8f07430f0420752, type: 3}
  m_Name: 
  m_EditorClassIdentifier: 
  partMeshType: main
  setMaterialIndex: -1
  setMaterialIndex2: -1
  sewing: 0
--- !u!1 &2170377342307408918
GameObject:
  m_ObjectHideFlags: 0
  m_CorrespondingSourceObject: {fileID: 0}
  m_PrefabInstance: {fileID: 0}
  m_PrefabAsset: {fileID: 0}
  serializedVersion: 6
  m_Component:
  - component: {fileID: 4752672702466826490}
  - component: {fileID: 1088699023112880807}
  m_Layer: 9
  m_Name: bus_2ka1810
  m_TagString: Untagged
  m_Icon: {fileID: 0}
  m_NavMeshLayer: 0
  m_StaticEditorFlags: 0
  m_IsActive: 1
--- !u!4 &4752672702466826490
Transform:
  m_ObjectHideFlags: 0
  m_CorrespondingSourceObject: {fileID: 0}
  m_PrefabInstance: {fileID: 0}
  m_PrefabAsset: {fileID: 0}
  m_GameObject: {fileID: 2170377342307408918}
  m_LocalRotation: {x: 0, y: 1, z: 0, w: 0}
  m_LocalPosition: {x: 0, y: 0, z: 0}
  m_LocalScale: {x: 1, y: 1, z: 1}
  m_Children:
  - {fileID: 2822722747991694282}
  m_Father: {fileID: 0}
  m_RootOrder: 0
  m_LocalEulerAnglesHint: {x: 0, y: 180, z: 0}
--- !u!114 &1088699023112880807
MonoBehaviour:
  m_ObjectHideFlags: 0
  m_CorrespondingSourceObject: {fileID: 0}
  m_PrefabInstance: {fileID: 0}
  m_PrefabAsset: {fileID: 0}
  m_GameObject: {fileID: 2170377342307408918}
  m_Enabled: 1
  m_EditorHideFlags: 0
  m_Script: {fileID: 11500000, guid: de305606890b87e42a58c187eba6fe10, type: 3}
  m_Name: 
  m_EditorClassIdentifier: 
  partName: "2 sed\xE1k"
  partNameCombinations: []
  partDescription: 
  partCategory: universal
  includeInDimensions: 1
  dimensions: {x: 1.3488052, y: 0.880511, z: 1}
  image: {fileID: 21300000, guid: 20e59c71c757d794897fd52664ebaf14, type: 3}
  type: 0
  partPoints:
  - {fileID: 7954373228576314555}
  - {fileID: 5587770975697421717}
  - {fileID: 1973116630905691680}
  - {fileID: 4081769509315351991}
  canBeStandalone: 1
  sewingNames:
  - _LEATHER
  OnPartPointConnect:
    m_PersistentCalls:
      m_Calls: []
  possibleOptionalFunctions:
  - {fileID: 11400000, guid: 27003ad964711af4b9e2d118aa0cd649, type: 2}
  - {fileID: 11400000, guid: 7f749ec00fe10294ebaa81fdb2c28dd6, type: 2}
  selectedOptionalFunction: {fileID: 0}
--- !u!64 &8635946946680679522
MeshCollider:
  m_ObjectHideFlags: 0
  m_CorrespondingSourceObject: {fileID: 0}
  m_PrefabInstance: {fileID: 0}
  m_PrefabAsset: {fileID: 0}
  m_GameObject: {fileID: 2349742417986125323}
  m_Material: {fileID: 0}
  m_IsTrigger: 0
  m_Enabled: 1
  serializedVersion: 3
  m_Convex: 0
  m_CookingOptions: 14
  m_Mesh: {fileID: -2360371807289609073, guid: 95d626420f685ac4b9862312d6d51ff8, type: 3}
--- !u!114 &2311611041944369782
MonoBehaviour:
  m_ObjectHideFlags: 0
  m_CorrespondingSourceObject: {fileID: 0}
  m_PrefabInstance: {fileID: 0}
  m_PrefabAsset: {fileID: 0}
  m_GameObject: {fileID: 2349742417986125323}
  m_Enabled: 1
  m_EditorHideFlags: 0
  m_Script: {fileID: 11500000, guid: 816c52b73d7a1de4d8f07430f0420752, type: 3}
  m_Name: 
  m_EditorClassIdentifier: 
  partMeshType: main
  setMaterialIndex: -1
  setMaterialIndex2: -1
  sewing: 0
--- !u!114 &2324364765434410881
MonoBehaviour:
  m_ObjectHideFlags: 0
  m_CorrespondingSourceObject: {fileID: 0}
  m_PrefabInstance: {fileID: 0}
  m_PrefabAsset: {fileID: 0}
  m_GameObject: {fileID: 2349742417986125323}
  m_Enabled: 1
  m_EditorHideFlags: 0
  m_Script: {fileID: 11500000, guid: 8ff23e8d62479ff46bcdd5e0aaed1393, type: 3}
  m_Name: 
  m_EditorClassIdentifier: 
  rotationOpen: {x: 65, y: 0, z: 0}
  rotationClosed: {x: 0, y: 0, z: 0}
  positionOpen: {x: 0, y: 0, z: 0}
  positionClosed: {x: 0, y: 0, z: 0}
  speed: 2
  connectedObject: {fileID: 0}
--- !u!114 &5587770975697421717
MonoBehaviour:
  m_ObjectHideFlags: 0
  m_CorrespondingSourceObject: {fileID: 0}
  m_PrefabInstance: {fileID: 0}
  m_PrefabAsset: {fileID: 0}
  m_GameObject: {fileID: 2991526314512639449}
  m_Enabled: 1
  m_EditorHideFlags: 0
  m_Script: {fileID: 11500000, guid: 298df71d7d1c94f47a9df2b26686031c, type: 3}
  m_Name: 
  m_EditorClassIdentifier: 
  type: 0
  connection: r
  allowedCategories: []
  disallowedCategories: []
  partPointGUI: {fileID: 0}
  activateOnDisconnect: []
  connectedTo: {fileID: 0}
  part: {fileID: 0}
--- !u!114 &4081769509315351991
MonoBehaviour:
  m_ObjectHideFlags: 0
  m_CorrespondingSourceObject: {fileID: 0}
  m_PrefabInstance: {fileID: 0}
  m_PrefabAsset: {fileID: 0}
  m_GameObject: {fileID: 3408036976308277538}
  m_Enabled: 1
  m_EditorHideFlags: 0
  m_Script: {fileID: 11500000, guid: 298df71d7d1c94f47a9df2b26686031c, type: 3}
  m_Name: 
  m_EditorClassIdentifier: 
  type: 2
  connection: l
  allowedCategories: []
  disallowedCategories: []
  partPointGUI: {fileID: 0}
  activateOnDisconnect: []
  connectedTo: {fileID: 0}
  part: {fileID: 0}
--- !u!64 &7106368308210009731
MeshCollider:
  m_ObjectHideFlags: 0
  m_CorrespondingSourceObject: {fileID: 0}
  m_PrefabInstance: {fileID: 0}
  m_PrefabAsset: {fileID: 0}
  m_GameObject: {fileID: 3533182106364572148}
  m_Material: {fileID: 0}
  m_IsTrigger: 0
  m_Enabled: 1
  serializedVersion: 3
  m_Convex: 0
  m_CookingOptions: 14
  m_Mesh: {fileID: -8645968369343370127, guid: 95d626420f685ac4b9862312d6d51ff8, type: 3}
--- !u!114 &2001778000050277742
MonoBehaviour:
  m_ObjectHideFlags: 0
  m_CorrespondingSourceObject: {fileID: 0}
  m_PrefabInstance: {fileID: 0}
  m_PrefabAsset: {fileID: 0}
  m_GameObject: {fileID: 3533182106364572148}
  m_Enabled: 1
  m_EditorHideFlags: 0
  m_Script: {fileID: 11500000, guid: 816c52b73d7a1de4d8f07430f0420752, type: 3}
  m_Name: 
  m_EditorClassIdentifier: 
  partMeshType: main
  setMaterialIndex: -1
  setMaterialIndex2: -1
  sewing: 0
--- !u!114 &5542799253821903527
MonoBehaviour:
  m_ObjectHideFlags: 0
  m_CorrespondingSourceObject: {fileID: 0}
  m_PrefabInstance: {fileID: 0}
  m_PrefabAsset: {fileID: 0}
  m_GameObject: {fileID: 3533182106364572148}
  m_Enabled: 1
  m_EditorHideFlags: 0
  m_Script: {fileID: 11500000, guid: 8ff23e8d62479ff46bcdd5e0aaed1393, type: 3}
  m_Name: 
  m_EditorClassIdentifier: 
  rotationOpen: {x: 65, y: 0, z: 0}
  rotationClosed: {x: 0, y: 0, z: 0}
  positionOpen: {x: 0, y: 0, z: 0}
  positionClosed: {x: 0, y: 0, z: 0}
  speed: 2
  connectedObject: {fileID: 0}
--- !u!114 &1709572059550953382
MonoBehaviour:
  m_ObjectHideFlags: 0
  m_CorrespondingSourceObject: {fileID: 0}
  m_PrefabInstance: {fileID: 0}
  m_PrefabAsset: {fileID: 0}
  m_GameObject: {fileID: 3600803056832952897}
  m_Enabled: 1
  m_EditorHideFlags: 0
  m_Script: {fileID: 11500000, guid: 816c52b73d7a1de4d8f07430f0420752, type: 3}
  m_Name: 
  m_EditorClassIdentifier: 
  partMeshType: main
  setMaterialIndex: -1
  setMaterialIndex2: -1
  sewing: 1
--- !u!114 &6935596368961767444
MonoBehaviour:
  m_ObjectHideFlags: 0
  m_CorrespondingSourceObject: {fileID: 0}
  m_PrefabInstance: {fileID: 0}
  m_PrefabAsset: {fileID: 0}
  m_GameObject: {fileID: 4470055387016321197}
  m_Enabled: 1
  m_EditorHideFlags: 0
  m_Script: {fileID: 11500000, guid: 816c52b73d7a1de4d8f07430f0420752, type: 3}
  m_Name: 
  m_EditorClassIdentifier: 
  partMeshType: main
  setMaterialIndex: -1
  setMaterialIndex2: -1
  sewing: 0
--- !u!114 &7954373228576314555
MonoBehaviour:
  m_ObjectHideFlags: 0
  m_CorrespondingSourceObject: {fileID: 0}
  m_PrefabInstance: {fileID: 0}
  m_PrefabAsset: {fileID: 0}
  m_GameObject: {fileID: 5916672584780858866}
  m_Enabled: 1
  m_EditorHideFlags: 0
  m_Script: {fileID: 11500000, guid: 298df71d7d1c94f47a9df2b26686031c, type: 3}
  m_Name: 
  m_EditorClassIdentifier: 
  type: 0
  connection: l
  allowedCategories: []
  disallowedCategories: []
  partPointGUI: {fileID: 0}
  activateOnDisconnect: []
  connectedTo: {fileID: 0}
  part: {fileID: 0}
--- !u!114 &5722412967678061935
MonoBehaviour:
  m_ObjectHideFlags: 0
  m_CorrespondingSourceObject: {fileID: 0}
  m_PrefabInstance: {fileID: 0}
  m_PrefabAsset: {fileID: 0}
  m_GameObject: {fileID: 6469809547000397897}
  m_Enabled: 1
  m_EditorHideFlags: 0
  m_Script: {fileID: 11500000, guid: 816c52b73d7a1de4d8f07430f0420752, type: 3}
  m_Name: 
  m_EditorClassIdentifier: 
  partMeshType: main
  setMaterialIndex: -1
  setMaterialIndex2: -1
  sewing: 0
--- !u!64 &5314076323769451149
MeshCollider:
  m_ObjectHideFlags: 0
  m_CorrespondingSourceObject: {fileID: 0}
  m_PrefabInstance: {fileID: 0}
  m_PrefabAsset: {fileID: 0}
  m_GameObject: {fileID: 6493293517912216182}
  m_Material: {fileID: 0}
  m_IsTrigger: 0
  m_Enabled: 1
  serializedVersion: 3
  m_Convex: 0
  m_CookingOptions: 14
  m_Mesh: {fileID: -4960398273939888907, guid: 95d626420f685ac4b9862312d6d51ff8, type: 3}
--- !u!114 &3377052807632253966
MonoBehaviour:
  m_ObjectHideFlags: 0
  m_CorrespondingSourceObject: {fileID: 0}
  m_PrefabInstance: {fileID: 0}
  m_PrefabAsset: {fileID: 0}
  m_GameObject: {fileID: 6493293517912216182}
  m_Enabled: 1
  m_EditorHideFlags: 0
  m_Script: {fileID: 11500000, guid: 816c52b73d7a1de4d8f07430f0420752, type: 3}
  m_Name: 
  m_EditorClassIdentifier: 
  partMeshType: main
  setMaterialIndex: -1
  setMaterialIndex2: -1
  sewing: 0
--- !u!114 &6799413170048825136
MonoBehaviour:
  m_ObjectHideFlags: 0
  m_CorrespondingSourceObject: {fileID: 0}
  m_PrefabInstance: {fileID: 0}
  m_PrefabAsset: {fileID: 0}
  m_GameObject: {fileID: 6493293517912216182}
  m_Enabled: 1
  m_EditorHideFlags: 0
  m_Script: {fileID: 11500000, guid: 8ff23e8d62479ff46bcdd5e0aaed1393, type: 3}
  m_Name: 
  m_EditorClassIdentifier: 
  rotationOpen: {x: 65, y: 0, z: 0}
  rotationClosed: {x: 0, y: 0, z: 0}
  positionOpen: {x: 0, y: 0, z: 0}
  positionClosed: {x: 0, y: 0, z: 0}
  speed: 2
  connectedObject: {fileID: 0}
--- !u!114 &1973116630905691680
MonoBehaviour:
  m_ObjectHideFlags: 0
  m_CorrespondingSourceObject: {fileID: 0}
  m_PrefabInstance: {fileID: 0}
  m_PrefabAsset: {fileID: 0}
  m_GameObject: {fileID: 6920286623638097248}
  m_Enabled: 1
  m_EditorHideFlags: 0
  m_Script: {fileID: 11500000, guid: 298df71d7d1c94f47a9df2b26686031c, type: 3}
  m_Name: 
  m_EditorClassIdentifier: 
  type: 2
  connection: l
  allowedCategories: []
  disallowedCategories: []
  partPointGUI: {fileID: 0}
  activateOnDisconnect: []
  connectedTo: {fileID: 0}
  part: {fileID: 0}
--- !u!64 &8018439152503923935
MeshCollider:
  m_ObjectHideFlags: 0
  m_CorrespondingSourceObject: {fileID: 0}
  m_PrefabInstance: {fileID: 0}
  m_PrefabAsset: {fileID: 0}
  m_GameObject: {fileID: 8170698371994271112}
  m_Material: {fileID: 0}
  m_IsTrigger: 0
  m_Enabled: 1
  serializedVersion: 3
  m_Convex: 0
  m_CookingOptions: 14
  m_Mesh: {fileID: 4061109039750967911, guid: 95d626420f685ac4b9862312d6d51ff8, type: 3}
--- !u!114 &2416189267611887826
MonoBehaviour:
  m_ObjectHideFlags: 0
  m_CorrespondingSourceObject: {fileID: 0}
  m_PrefabInstance: {fileID: 0}
  m_PrefabAsset: {fileID: 0}
  m_GameObject: {fileID: 8170698371994271112}
  m_Enabled: 1
  m_EditorHideFlags: 0
  m_Script: {fileID: 11500000, guid: 816c52b73d7a1de4d8f07430f0420752, type: 3}
  m_Name: 
  m_EditorClassIdentifier: 
  partMeshType: main
  setMaterialIndex: -1
  setMaterialIndex2: -1
  sewing: 0
--- !u!114 &5349236460136243713
MonoBehaviour:
  m_ObjectHideFlags: 0
  m_CorrespondingSourceObject: {fileID: 0}
  m_PrefabInstance: {fileID: 0}
  m_PrefabAsset: {fileID: 0}
  m_GameObject: {fileID: 8170698371994271112}
  m_Enabled: 1
  m_EditorHideFlags: 0
  m_Script: {fileID: 11500000, guid: 8ff23e8d62479ff46bcdd5e0aaed1393, type: 3}
  m_Name: 
  m_EditorClassIdentifier: 
  rotationOpen: {x: 65, y: 0, z: 0}
  rotationClosed: {x: 0, y: 0, z: 0}
  positionOpen: {x: 0, y: 0, z: 0}
  positionClosed: {x: 0, y: 0, z: 0}
  speed: 2
  connectedObject: {fileID: 0}
--- !u!64 &4689974399369453601
MeshCollider:
  m_ObjectHideFlags: 0
  m_CorrespondingSourceObject: {fileID: 0}
  m_PrefabInstance: {fileID: 0}
  m_PrefabAsset: {fileID: 0}
  m_GameObject: {fileID: 8249859055699229177}
  m_Material: {fileID: 0}
  m_IsTrigger: 0
  m_Enabled: 1
  serializedVersion: 3
  m_Convex: 0
  m_CookingOptions: 14
  m_Mesh: {fileID: 8770141316824320873, guid: 95d626420f685ac4b9862312d6d51ff8, type: 3}
--- !u!114 &3274795051031699739
MonoBehaviour:
  m_ObjectHideFlags: 0
  m_CorrespondingSourceObject: {fileID: 0}
  m_PrefabInstance: {fileID: 0}
  m_PrefabAsset: {fileID: 0}
  m_GameObject: {fileID: 8249859055699229177}
  m_Enabled: 1
  m_EditorHideFlags: 0
  m_Script: {fileID: 11500000, guid: 816c52b73d7a1de4d8f07430f0420752, type: 3}
  m_Name: 
  m_EditorClassIdentifier: 
  partMeshType: main
  setMaterialIndex: -1
  setMaterialIndex2: -1
  sewing: 0
--- !u!64 &7355226337570067902
MeshCollider:
  m_ObjectHideFlags: 0
  m_CorrespondingSourceObject: {fileID: 0}
  m_PrefabInstance: {fileID: 0}
  m_PrefabAsset: {fileID: 0}
  m_GameObject: {fileID: 8792679539458473844}
  m_Material: {fileID: 0}
  m_IsTrigger: 0
  m_Enabled: 1
  serializedVersion: 3
  m_Convex: 0
  m_CookingOptions: 14
  m_Mesh: {fileID: -9047143537740899173, guid: 95d626420f685ac4b9862312d6d51ff8, type: 3}
--- !u!114 &3133695077238072642
MonoBehaviour:
  m_ObjectHideFlags: 0
  m_CorrespondingSourceObject: {fileID: 0}
  m_PrefabInstance: {fileID: 0}
  m_PrefabAsset: {fileID: 0}
  m_GameObject: {fileID: 8792679539458473844}
  m_Enabled: 1
  m_EditorHideFlags: 0
  m_Script: {fileID: 11500000, guid: 816c52b73d7a1de4d8f07430f0420752, type: 3}
  m_Name: 
  m_EditorClassIdentifier: 
  partMeshType: main
  setMaterialIndex: -1
  setMaterialIndex2: -1
  sewing: 0
--- !u!114 &5278923697941915010
MonoBehaviour:
  m_ObjectHideFlags: 0
  m_CorrespondingSourceObject: {fileID: 0}
  m_PrefabInstance: {fileID: 0}
  m_PrefabAsset: {fileID: 0}
  m_GameObject: {fileID: 8792679539458473844}
  m_Enabled: 1
  m_EditorHideFlags: 0
  m_Script: {fileID: 11500000, guid: 8ff23e8d62479ff46bcdd5e0aaed1393, type: 3}
  m_Name: 
  m_EditorClassIdentifier: 
  rotationOpen: {x: 65, y: 0, z: 0}
  rotationClosed: {x: 0, y: 0, z: 0}
  positionOpen: {x: 0, y: 0, z: 0}
  positionClosed: {x: 0, y: 0, z: 0}
  speed: 2
  connectedObject: {fileID: 0}
--- !u!64 &5966271706036322435
MeshCollider:
  m_ObjectHideFlags: 0
  m_CorrespondingSourceObject: {fileID: 0}
  m_PrefabInstance: {fileID: 0}
  m_PrefabAsset: {fileID: 0}
  m_GameObject: {fileID: 9144067275980755014}
  m_Material: {fileID: 0}
  m_IsTrigger: 0
  m_Enabled: 1
  serializedVersion: 3
  m_Convex: 0
  m_CookingOptions: 14
  m_Mesh: {fileID: 6448665191223222148, guid: 95d626420f685ac4b9862312d6d51ff8, type: 3}
--- !u!114 &2787740911104850551
MonoBehaviour:
  m_ObjectHideFlags: 0
  m_CorrespondingSourceObject: {fileID: 0}
  m_PrefabInstance: {fileID: 0}
  m_PrefabAsset: {fileID: 0}
  m_GameObject: {fileID: 9144067275980755014}
  m_Enabled: 1
  m_EditorHideFlags: 0
  m_Script: {fileID: 11500000, guid: 816c52b73d7a1de4d8f07430f0420752, type: 3}
  m_Name: 
  m_EditorClassIdentifier: 
  partMeshType: main
  setMaterialIndex: -1
  setMaterialIndex2: -1
  sewing: 0
--- !u!114 &3743692645569156349
MonoBehaviour:
  m_ObjectHideFlags: 0
  m_CorrespondingSourceObject: {fileID: 0}
  m_PrefabInstance: {fileID: 0}
  m_PrefabAsset: {fileID: 0}
  m_GameObject: {fileID: 9144067275980755014}
  m_Enabled: 1
  m_EditorHideFlags: 0
  m_Script: {fileID: 11500000, guid: 8ff23e8d62479ff46bcdd5e0aaed1393, type: 3}
  m_Name: 
  m_EditorClassIdentifier: 
  rotationOpen: {x: 65, y: 0, z: 0}
  rotationClosed: {x: 0, y: 0, z: 0}
  positionOpen: {x: 0, y: 0, z: 0}
  positionClosed: {x: 0, y: 0, z: 0}
  speed: 2
  connectedObject: {fileID: 0}
--- !u!1001 &7086105792938258640
PrefabInstance:
  m_ObjectHideFlags: 0
  serializedVersion: 2
  m_Modification:
    m_TransformParent: {fileID: 4752672702466826490}
    m_Modifications:
    - target: {fileID: -927199367670048503, guid: 95d626420f685ac4b9862312d6d51ff8,
        type: 3}
      propertyPath: m_Name
      value: bus_2ka1810
      objectReference: {fileID: 0}
    - target: {fileID: -927199367670048503, guid: 95d626420f685ac4b9862312d6d51ff8,
        type: 3}
      propertyPath: m_Layer
      value: 9
      objectReference: {fileID: 0}
    - target: {fileID: 1165170842486819113, guid: 95d626420f685ac4b9862312d6d51ff8,
        type: 3}
      propertyPath: m_Layer
      value: 9
      objectReference: {fileID: 0}
    - target: {fileID: 1165170842486819113, guid: 95d626420f685ac4b9862312d6d51ff8,
        type: 3}
      propertyPath: m_IsActive
      value: 1
      objectReference: {fileID: 0}
    - target: {fileID: -1448305137272061193, guid: 95d626420f685ac4b9862312d6d51ff8,
        type: 3}
      propertyPath: m_Layer
      value: 9
      objectReference: {fileID: 0}
    - target: {fileID: -1448305137272061193, guid: 95d626420f685ac4b9862312d6d51ff8,
        type: 3}
      propertyPath: m_IsActive
      value: 0
      objectReference: {fileID: 0}
    - target: {fileID: -100664473166732075, guid: 95d626420f685ac4b9862312d6d51ff8,
        type: 3}
      propertyPath: m_Layer
      value: 9
      objectReference: {fileID: 0}
    - target: {fileID: -100664473166732075, guid: 95d626420f685ac4b9862312d6d51ff8,
        type: 3}
      propertyPath: m_IsActive
      value: 0
      objectReference: {fileID: 0}
    - target: {fileID: -4927071935704076135, guid: 95d626420f685ac4b9862312d6d51ff8,
        type: 3}
      propertyPath: m_Layer
      value: 9
      objectReference: {fileID: 0}
    - target: {fileID: -4927071935704076135, guid: 95d626420f685ac4b9862312d6d51ff8,
        type: 3}
      propertyPath: m_IsActive
      value: 1
      objectReference: {fileID: 0}
    - target: {fileID: -3193482175307117935, guid: 95d626420f685ac4b9862312d6d51ff8,
        type: 3}
      propertyPath: m_Layer
      value: 9
      objectReference: {fileID: 0}
    - target: {fileID: -3193482175307117935, guid: 95d626420f685ac4b9862312d6d51ff8,
        type: 3}
      propertyPath: m_IsActive
      value: 0
      objectReference: {fileID: 0}
    - target: {fileID: 6655814594860279933, guid: 95d626420f685ac4b9862312d6d51ff8,
        type: 3}
      propertyPath: m_Layer
      value: 9
      objectReference: {fileID: 0}
    - target: {fileID: 6655814594860279933, guid: 95d626420f685ac4b9862312d6d51ff8,
        type: 3}
      propertyPath: m_IsActive
      value: 0
      objectReference: {fileID: 0}
    - target: {fileID: -5743538737312434910, guid: 95d626420f685ac4b9862312d6d51ff8,
        type: 3}
      propertyPath: m_Layer
      value: 9
      objectReference: {fileID: 0}
    - target: {fileID: 5463692053654164745, guid: 95d626420f685ac4b9862312d6d51ff8,
        type: 3}
      propertyPath: m_Layer
      value: 9
      objectReference: {fileID: 0}
    - target: {fileID: -5167256453774499162, guid: 95d626420f685ac4b9862312d6d51ff8,
        type: 3}
      propertyPath: m_Layer
      value: 9
      objectReference: {fileID: 0}
    - target: {fileID: -5167256453774499162, guid: 95d626420f685ac4b9862312d6d51ff8,
        type: 3}
      propertyPath: m_IsActive
      value: 1
      objectReference: {fileID: 0}
    - target: {fileID: 4813523279309885147, guid: 95d626420f685ac4b9862312d6d51ff8,
        type: 3}
      propertyPath: m_Layer
      value: 9
      objectReference: {fileID: 0}
    - target: {fileID: 4813523279309885147, guid: 95d626420f685ac4b9862312d6d51ff8,
        type: 3}
      propertyPath: m_IsActive
      value: 0
      objectReference: {fileID: 0}
    - target: {fileID: 1752807181845548964, guid: 95d626420f685ac4b9862312d6d51ff8,
        type: 3}
      propertyPath: m_Layer
      value: 9
      objectReference: {fileID: 0}
    - target: {fileID: 1752807181845548964, guid: 95d626420f685ac4b9862312d6d51ff8,
        type: 3}
      propertyPath: m_IsActive
      value: 0
      objectReference: {fileID: 0}
    - target: {fileID: -7156036113214775146, guid: 95d626420f685ac4b9862312d6d51ff8,
        type: 3}
      propertyPath: m_Layer
      value: 9
      objectReference: {fileID: 0}
    - target: {fileID: -7839991461461848744, guid: 95d626420f685ac4b9862312d6d51ff8,
        type: 3}
      propertyPath: m_Layer
      value: 9
      objectReference: {fileID: 0}
    - target: {fileID: -7839991461461848744, guid: 95d626420f685ac4b9862312d6d51ff8,
        type: 3}
      propertyPath: m_IsActive
      value: 0
      objectReference: {fileID: 0}
    - target: {fileID: -3215985975959469788, guid: 95d626420f685ac4b9862312d6d51ff8,
        type: 3}
      propertyPath: m_Layer
      value: 9
      objectReference: {fileID: 0}
    - target: {fileID: -3215985975959469788, guid: 95d626420f685ac4b9862312d6d51ff8,
        type: 3}
      propertyPath: m_IsActive
      value: 0
      objectReference: {fileID: 0}
    - target: {fileID: 170903311908224432, guid: 95d626420f685ac4b9862312d6d51ff8,
        type: 3}
      propertyPath: m_Layer
      value: 9
      objectReference: {fileID: 0}
    - target: {fileID: -3666739070703476238, guid: 95d626420f685ac4b9862312d6d51ff8,
        type: 3}
      propertyPath: m_Layer
      value: 9
      objectReference: {fileID: 0}
    - target: {fileID: -3666739070703476238, guid: 95d626420f685ac4b9862312d6d51ff8,
        type: 3}
      propertyPath: m_IsActive
      value: 0
      objectReference: {fileID: 0}
    - target: {fileID: -4216859302048453862, guid: 95d626420f685ac4b9862312d6d51ff8,
        type: 3}
      propertyPath: m_LocalPosition.x
      value: 0
      objectReference: {fileID: 0}
    - target: {fileID: -4216859302048453862, guid: 95d626420f685ac4b9862312d6d51ff8,
        type: 3}
      propertyPath: m_LocalPosition.y
      value: 0
      objectReference: {fileID: 0}
    - target: {fileID: -4216859302048453862, guid: 95d626420f685ac4b9862312d6d51ff8,
        type: 3}
      propertyPath: m_LocalPosition.z
      value: 0
      objectReference: {fileID: 0}
    - target: {fileID: -4216859302048453862, guid: 95d626420f685ac4b9862312d6d51ff8,
        type: 3}
      propertyPath: m_LocalRotation.x
      value: 0
      objectReference: {fileID: 0}
    - target: {fileID: -4216859302048453862, guid: 95d626420f685ac4b9862312d6d51ff8,
        type: 3}
      propertyPath: m_LocalRotation.y
      value: 0
      objectReference: {fileID: 0}
    - target: {fileID: -4216859302048453862, guid: 95d626420f685ac4b9862312d6d51ff8,
        type: 3}
      propertyPath: m_LocalRotation.z
      value: 0
      objectReference: {fileID: 0}
    - target: {fileID: -4216859302048453862, guid: 95d626420f685ac4b9862312d6d51ff8,
        type: 3}
      propertyPath: m_LocalRotation.w
      value: 1
      objectReference: {fileID: 0}
    - target: {fileID: -4216859302048453862, guid: 95d626420f685ac4b9862312d6d51ff8,
        type: 3}
      propertyPath: m_RootOrder
      value: 0
      objectReference: {fileID: 0}
    - target: {fileID: -4216859302048453862, guid: 95d626420f685ac4b9862312d6d51ff8,
        type: 3}
      propertyPath: m_LocalEulerAnglesHint.x
      value: 0
      objectReference: {fileID: 0}
    - target: {fileID: -4216859302048453862, guid: 95d626420f685ac4b9862312d6d51ff8,
        type: 3}
      propertyPath: m_LocalEulerAnglesHint.y
      value: 0
      objectReference: {fileID: 0}
    - target: {fileID: -4216859302048453862, guid: 95d626420f685ac4b9862312d6d51ff8,
        type: 3}
      propertyPath: m_LocalEulerAnglesHint.z
      value: 0
      objectReference: {fileID: 0}
    - target: {fileID: 3616422728396661183, guid: 95d626420f685ac4b9862312d6d51ff8,
        type: 3}
      propertyPath: m_LocalRotation.x
      value: 0
      objectReference: {fileID: 0}
    - target: {fileID: 3616422728396661183, guid: 95d626420f685ac4b9862312d6d51ff8,
        type: 3}
      propertyPath: m_LocalRotation.z
      value: 0
      objectReference: {fileID: 0}
    - target: {fileID: 3616422728396661183, guid: 95d626420f685ac4b9862312d6d51ff8,
        type: 3}
      propertyPath: m_LocalRotation.w
      value: 1
      objectReference: {fileID: 0}
    - target: {fileID: 3616422728396661183, guid: 95d626420f685ac4b9862312d6d51ff8,
        type: 3}
      propertyPath: m_LocalEulerAnglesHint.x
      value: 0
      objectReference: {fileID: 0}
    - target: {fileID: -1514337191913142697, guid: 95d626420f685ac4b9862312d6d51ff8,
        type: 3}
      propertyPath: m_Materials.Array.data[0]
      value: 
      objectReference: {fileID: 2100000, guid: 2abd7b2298a510a4aa3c01245cd0c1ec, type: 2}
    - target: {fileID: 6586122737824382033, guid: 95d626420f685ac4b9862312d6d51ff8,
        type: 3}
      propertyPath: m_Materials.Array.data[0]
      value: 
      objectReference: {fileID: 2100000, guid: 2abd7b2298a510a4aa3c01245cd0c1ec, type: 2}
    - target: {fileID: -5618751767955491419, guid: 95d626420f685ac4b9862312d6d51ff8,
        type: 3}
      propertyPath: m_Materials.Array.data[0]
      value: 
      objectReference: {fileID: 2100000, guid: 2abd7b2298a510a4aa3c01245cd0c1ec, type: 2}
    - target: {fileID: 2271341447318122147, guid: 95d626420f685ac4b9862312d6d51ff8,
        type: 3}
      propertyPath: m_Materials.Array.data[0]
      value: 
      objectReference: {fileID: 2100000, guid: 2abd7b2298a510a4aa3c01245cd0c1ec, type: 2}
    m_RemovedComponents: []
  m_SourcePrefab: {fileID: 100100000, guid: 95d626420f685ac4b9862312d6d51ff8, type: 3}
--- !u!4 &2822722747991694282 stripped
Transform:
  m_CorrespondingSourceObject: {fileID: -4216859302048453862, guid: 95d626420f685ac4b9862312d6d51ff8,
    type: 3}
  m_PrefabInstance: {fileID: 7086105792938258640}
  m_PrefabAsset: {fileID: 0}
--- !u!1 &8249859055699229177 stripped
GameObject:
  m_CorrespondingSourceObject: {fileID: 1165170842486819113, guid: 95d626420f685ac4b9862312d6d51ff8,
    type: 3}
  m_PrefabInstance: {fileID: 7086105792938258640}
  m_PrefabAsset: {fileID: 0}
--- !u!1 &698182781547229735 stripped
GameObject:
  m_CorrespondingSourceObject: {fileID: -1448305137272061193, guid: 95d626420f685ac4b9862312d6d51ff8,
    type: 3}
  m_PrefabInstance: {fileID: 7086105792938258640}
  m_PrefabAsset: {fileID: 0}
--- !u!1 &2075237613069472773 stripped
GameObject:
  m_CorrespondingSourceObject: {fileID: -100664473166732075, guid: 95d626420f685ac4b9862312d6d51ff8,
    type: 3}
  m_PrefabInstance: {fileID: 7086105792938258640}
  m_PrefabAsset: {fileID: 0}
--- !u!1 &2349742417986125323 stripped
GameObject:
  m_CorrespondingSourceObject: {fileID: 4813523279309885147, guid: 95d626420f685ac4b9862312d6d51ff8,
    type: 3}
  m_PrefabInstance: {fileID: 7086105792938258640}
  m_PrefabAsset: {fileID: 0}
--- !u!1 &6493293517912216182 stripped
GameObject:
  m_CorrespondingSourceObject: {fileID: -5167256453774499162, guid: 95d626420f685ac4b9862312d6d51ff8,
    type: 3}
  m_PrefabInstance: {fileID: 7086105792938258640}
  m_PrefabAsset: {fileID: 0}
--- !u!1 &2991526314512639449 stripped
GameObject:
  m_CorrespondingSourceObject: {fileID: 5463692053654164745, guid: 95d626420f685ac4b9862312d6d51ff8,
    type: 3}
  m_PrefabInstance: {fileID: 7086105792938258640}
  m_PrefabAsset: {fileID: 0}
--- !u!1 &5916672584780858866 stripped
GameObject:
  m_CorrespondingSourceObject: {fileID: -5743538737312434910, guid: 95d626420f685ac4b9862312d6d51ff8,
    type: 3}
  m_PrefabInstance: {fileID: 7086105792938258640}
  m_PrefabAsset: {fileID: 0}
--- !u!1 &8792679539458473844 stripped
GameObject:
  m_CorrespondingSourceObject: {fileID: 1752807181845548964, guid: 95d626420f685ac4b9862312d6d51ff8,
    type: 3}
  m_PrefabInstance: {fileID: 7086105792938258640}
  m_PrefabAsset: {fileID: 0}
--- !u!1 &9144067275980755014 stripped
GameObject:
  m_CorrespondingSourceObject: {fileID: -7156036113214775146, guid: 95d626420f685ac4b9862312d6d51ff8,
    type: 3}
  m_PrefabInstance: {fileID: 7086105792938258640}
  m_PrefabAsset: {fileID: 0}
--- !u!1 &4470055387016321197 stripped
GameObject:
  m_CorrespondingSourceObject: {fileID: 6655814594860279933, guid: 95d626420f685ac4b9862312d6d51ff8,
    type: 3}
  m_PrefabInstance: {fileID: 7086105792938258640}
  m_PrefabAsset: {fileID: 0}
--- !u!1 &3533182106364572148 stripped
GameObject:
  m_CorrespondingSourceObject: {fileID: -3215985975959469788, guid: 95d626420f685ac4b9862312d6d51ff8,
    type: 3}
  m_PrefabInstance: {fileID: 7086105792938258640}
  m_PrefabAsset: {fileID: 0}
--- !u!1 &3600803056832952897 stripped
GameObject:
  m_CorrespondingSourceObject: {fileID: -3193482175307117935, guid: 95d626420f685ac4b9862312d6d51ff8,
    type: 3}
  m_PrefabInstance: {fileID: 7086105792938258640}
  m_PrefabAsset: {fileID: 0}
--- !u!1 &6469809547000397897 stripped
GameObject:
  m_CorrespondingSourceObject: {fileID: -4927071935704076135, guid: 95d626420f685ac4b9862312d6d51ff8,
    type: 3}
  m_PrefabInstance: {fileID: 7086105792938258640}
  m_PrefabAsset: {fileID: 0}
--- !u!1 &6920286623638097248 stripped
GameObject:
  m_CorrespondingSourceObject: {fileID: 170903311908224432, guid: 95d626420f685ac4b9862312d6d51ff8,
    type: 3}
  m_PrefabInstance: {fileID: 7086105792938258640}
  m_PrefabAsset: {fileID: 0}
--- !u!1 &3408036976308277538 stripped
GameObject:
  m_CorrespondingSourceObject: {fileID: -3666739070703476238, guid: 95d626420f685ac4b9862312d6d51ff8,
    type: 3}
  m_PrefabInstance: {fileID: 7086105792938258640}
  m_PrefabAsset: {fileID: 0}
--- !u!1 &8170698371994271112 stripped
GameObject:
  m_CorrespondingSourceObject: {fileID: -7839991461461848744, guid: 95d626420f685ac4b9862312d6d51ff8,
    type: 3}
  m_PrefabInstance: {fileID: 7086105792938258640}
  m_PrefabAsset: {fileID: 0}
