%YAML 1.1
%TAG !u! tag:unity3d.com,2011:
--- !u!64 &8134171458901590203
MeshCollider:
  m_ObjectHideFlags: 0
  m_CorrespondingSourceObject: {fileID: 0}
  m_PrefabInstance: {fileID: 0}
  m_PrefabAsset: {fileID: 0}
  m_GameObject: {fileID: 1375677111131858119}
  m_Material: {fileID: 0}
  m_IsTrigger: 0
  m_Enabled: 1
  serializedVersion: 3
  m_Convex: 0
  m_CookingOptions: 14
  m_Mesh: {fileID: -7507788589183035932, guid: 2f463d566654020419af31217de9a13e, type: 3}
--- !u!114 &5468416667881115023
MonoBehaviour:
  m_ObjectHideFlags: 0
  m_CorrespondingSourceObject: {fileID: 0}
  m_PrefabInstance: {fileID: 0}
  m_PrefabAsset: {fileID: 0}
  m_GameObject: {fileID: 1375677111131858119}
  m_Enabled: 1
  m_EditorHideFlags: 0
  m_Script: {fileID: 11500000, guid: 816c52b73d7a1de4d8f07430f0420752, type: 3}
  m_Name: 
  m_EditorClassIdentifier: 
  partMeshType: main
  setMaterialIndex: -1
  setMaterialIndex2: -1
  sewing: 0
--- !u!114 &7978646612404912794
MonoBehaviour:
  m_ObjectHideFlags: 0
  m_CorrespondingSourceObject: {fileID: 0}
  m_PrefabInstance: {fileID: 0}
  m_PrefabAsset: {fileID: 0}
  m_GameObject: {fileID: 1375677111131858119}
  m_Enabled: 1
  m_EditorHideFlags: 0
  m_Script: {fileID: 11500000, guid: 8ff23e8d62479ff46bcdd5e0aaed1393, type: 3}
  m_Name: 
  m_EditorClassIdentifier: 
  rotationOpen: {x: 65, y: 0, z: 0}
  rotationClosed: {x: 0, y: 0, z: 0}
  positionOpen: {x: 0, y: 0, z: 0}
  positionClosed: {x: 0, y: 0, z: 0}
  speed: 2
  connectedObject: {fileID: 0}
--- !u!64 &9035917224694960419
MeshCollider:
  m_ObjectHideFlags: 0
  m_CorrespondingSourceObject: {fileID: 0}
  m_PrefabInstance: {fileID: 0}
  m_PrefabAsset: {fileID: 0}
  m_GameObject: {fileID: 1459316486462466763}
  m_Material: {fileID: 0}
  m_IsTrigger: 0
  m_Enabled: 1
  serializedVersion: 3
  m_Convex: 0
  m_CookingOptions: 14
  m_Mesh: {fileID: 8892668940239829129, guid: 2f463d566654020419af31217de9a13e, type: 3}
--- !u!114 &1079915809368267576
MonoBehaviour:
  m_ObjectHideFlags: 0
  m_CorrespondingSourceObject: {fileID: 0}
  m_PrefabInstance: {fileID: 0}
  m_PrefabAsset: {fileID: 0}
  m_GameObject: {fileID: 1459316486462466763}
  m_Enabled: 1
  m_EditorHideFlags: 0
  m_Script: {fileID: 11500000, guid: 8ff23e8d62479ff46bcdd5e0aaed1393, type: 3}
  m_Name: 
  m_EditorClassIdentifier: 
  rotationOpen: {x: 65, y: 0, z: 0}
  rotationClosed: {x: 0, y: 0, z: 0}
  positionOpen: {x: 0, y: 0, z: 0}
  positionClosed: {x: 0, y: 0, z: 0}
  speed: 2
  connectedObject: {fileID: 0}
--- !u!114 &4787751025356294143
MonoBehaviour:
  m_ObjectHideFlags: 0
  m_CorrespondingSourceObject: {fileID: 0}
  m_PrefabInstance: {fileID: 0}
  m_PrefabAsset: {fileID: 0}
  m_GameObject: {fileID: 1459316486462466763}
  m_Enabled: 1
  m_EditorHideFlags: 0
  m_Script: {fileID: 11500000, guid: 816c52b73d7a1de4d8f07430f0420752, type: 3}
  m_Name: 
  m_EditorClassIdentifier: 
  partMeshType: main
  setMaterialIndex: -1
  setMaterialIndex2: -1
  sewing: 0
--- !u!114 &6216271049242381033
MonoBehaviour:
  m_ObjectHideFlags: 0
  m_CorrespondingSourceObject: {fileID: 0}
  m_PrefabInstance: {fileID: 0}
  m_PrefabAsset: {fileID: 0}
  m_GameObject: {fileID: 2142217206074271050}
  m_Enabled: 1
  m_EditorHideFlags: 0
  m_Script: {fileID: 11500000, guid: 816c52b73d7a1de4d8f07430f0420752, type: 3}
  m_Name: 
  m_EditorClassIdentifier: 
  partMeshType: main
  setMaterialIndex: -1
  setMaterialIndex2: -1
  sewing: 0
--- !u!64 &1345954278915142508
MeshCollider:
  m_ObjectHideFlags: 0
  m_CorrespondingSourceObject: {fileID: 0}
  m_PrefabInstance: {fileID: 0}
  m_PrefabAsset: {fileID: 0}
  m_GameObject: {fileID: 2959350673149331073}
  m_Material: {fileID: 0}
  m_IsTrigger: 0
  m_Enabled: 1
  serializedVersion: 3
  m_Convex: 0
  m_CookingOptions: 14
  m_Mesh: {fileID: -6006048946556347140, guid: 2f463d566654020419af31217de9a13e, type: 3}
--- !u!114 &5882131141882982121
MonoBehaviour:
  m_ObjectHideFlags: 0
  m_CorrespondingSourceObject: {fileID: 0}
  m_PrefabInstance: {fileID: 0}
  m_PrefabAsset: {fileID: 0}
  m_GameObject: {fileID: 2959350673149331073}
  m_Enabled: 1
  m_EditorHideFlags: 0
  m_Script: {fileID: 11500000, guid: 816c52b73d7a1de4d8f07430f0420752, type: 3}
  m_Name: 
  m_EditorClassIdentifier: 
  partMeshType: main
  setMaterialIndex: -1
  setMaterialIndex2: -1
  sewing: 0
--- !u!114 &5928321869898513736
MonoBehaviour:
  m_ObjectHideFlags: 0
  m_CorrespondingSourceObject: {fileID: 0}
  m_PrefabInstance: {fileID: 0}
  m_PrefabAsset: {fileID: 0}
  m_GameObject: {fileID: 2959350673149331073}
  m_Enabled: 1
  m_EditorHideFlags: 0
  m_Script: {fileID: 11500000, guid: 8ff23e8d62479ff46bcdd5e0aaed1393, type: 3}
  m_Name: 
  m_EditorClassIdentifier: 
  rotationOpen: {x: 65, y: 0, z: 0}
  rotationClosed: {x: 0, y: 0, z: 0}
  positionOpen: {x: 0, y: 0, z: 0}
  positionClosed: {x: 0, y: 0, z: 0}
  speed: 2
  connectedObject: {fileID: 0}
--- !u!114 &2357800427926402115
MonoBehaviour:
  m_ObjectHideFlags: 0
  m_CorrespondingSourceObject: {fileID: 0}
  m_PrefabInstance: {fileID: 0}
  m_PrefabAsset: {fileID: 0}
  m_GameObject: {fileID: 4455216511473718120}
  m_Enabled: 1
  m_EditorHideFlags: 0
  m_Script: {fileID: 11500000, guid: 816c52b73d7a1de4d8f07430f0420752, type: 3}
  m_Name: 
  m_EditorClassIdentifier: 
  partMeshType: main
  setMaterialIndex: -1
  setMaterialIndex2: -1
  sewing: 0
--- !u!114 &215034625701829187
MonoBehaviour:
  m_ObjectHideFlags: 0
  m_CorrespondingSourceObject: {fileID: 0}
  m_PrefabInstance: {fileID: 0}
  m_PrefabAsset: {fileID: 0}
  m_GameObject: {fileID: 4456114370386091882}
  m_Enabled: 1
  m_EditorHideFlags: 0
  m_Script: {fileID: 11500000, guid: 298df71d7d1c94f47a9df2b26686031c, type: 3}
  m_Name: 
  m_EditorClassIdentifier: 
  type: 0
  connection: l
  allowedCategories: []
  disallowedCategories: []
  partPointGUI: {fileID: 0}
  activateOnDisconnect: []
  connectedTo: {fileID: 0}
  part: {fileID: 0}
--- !u!64 &7854248804937008656
MeshCollider:
  m_ObjectHideFlags: 0
  m_CorrespondingSourceObject: {fileID: 0}
  m_PrefabInstance: {fileID: 0}
  m_PrefabAsset: {fileID: 0}
  m_GameObject: {fileID: 4979601278547457349}
  m_Material: {fileID: 0}
  m_IsTrigger: 0
  m_Enabled: 1
  serializedVersion: 3
  m_Convex: 0
  m_CookingOptions: 14
  m_Mesh: {fileID: -3591891444448988815, guid: 2f463d566654020419af31217de9a13e, type: 3}
--- !u!114 &826763122926725435
MonoBehaviour:
  m_ObjectHideFlags: 0
  m_CorrespondingSourceObject: {fileID: 0}
  m_PrefabInstance: {fileID: 0}
  m_PrefabAsset: {fileID: 0}
  m_GameObject: {fileID: 4979601278547457349}
  m_Enabled: 1
  m_EditorHideFlags: 0
  m_Script: {fileID: 11500000, guid: 816c52b73d7a1de4d8f07430f0420752, type: 3}
  m_Name: 
  m_EditorClassIdentifier: 
  partMeshType: main
  setMaterialIndex: -1
  setMaterialIndex2: -1
  sewing: 0
--- !u!114 &4608454378355076828
MonoBehaviour:
  m_ObjectHideFlags: 0
  m_CorrespondingSourceObject: {fileID: 0}
  m_PrefabInstance: {fileID: 0}
  m_PrefabAsset: {fileID: 0}
  m_GameObject: {fileID: 4979601278547457349}
  m_Enabled: 1
  m_EditorHideFlags: 0
  m_Script: {fileID: 11500000, guid: 8ff23e8d62479ff46bcdd5e0aaed1393, type: 3}
  m_Name: 
  m_EditorClassIdentifier: 
  rotationOpen: {x: 65, y: 0, z: 0}
  rotationClosed: {x: 0, y: 0, z: 0}
  positionOpen: {x: 0, y: 0, z: 0}
  positionClosed: {x: 0, y: 0, z: 0}
  speed: 2
  connectedObject: {fileID: 0}
--- !u!1 &5394350514226790871
GameObject:
  m_ObjectHideFlags: 0
  m_CorrespondingSourceObject: {fileID: 0}
  m_PrefabInstance: {fileID: 0}
  m_PrefabAsset: {fileID: 0}
  serializedVersion: 6
  m_Component:
  - component: {fileID: 6154054441424437447}
  - component: {fileID: 243059570133720417}
  m_Layer: 9
  m_Name: bus_2ka2010
  m_TagString: Untagged
  m_Icon: {fileID: 0}
  m_NavMeshLayer: 0
  m_StaticEditorFlags: 0
  m_IsActive: 1
--- !u!4 &6154054441424437447
Transform:
  m_ObjectHideFlags: 0
  m_CorrespondingSourceObject: {fileID: 0}
  m_PrefabInstance: {fileID: 0}
  m_PrefabAsset: {fileID: 0}
  m_GameObject: {fileID: 5394350514226790871}
  m_LocalRotation: {x: 0, y: 1, z: 0, w: 0}
  m_LocalPosition: {x: 0, y: 0, z: 0}
  m_LocalScale: {x: 1, y: 1, z: 1}
  m_Children:
  - {fileID: 7074785233801893199}
  m_Father: {fileID: 0}
  m_RootOrder: 0
  m_LocalEulerAnglesHint: {x: 0, y: 180, z: 0}
--- !u!114 &243059570133720417
MonoBehaviour:
  m_ObjectHideFlags: 0
  m_CorrespondingSourceObject: {fileID: 0}
  m_PrefabInstance: {fileID: 0}
  m_PrefabAsset: {fileID: 0}
  m_GameObject: {fileID: 5394350514226790871}
  m_Enabled: 1
  m_EditorHideFlags: 0
  m_Script: {fileID: 11500000, guid: de305606890b87e42a58c187eba6fe10, type: 3}
  m_Name: 
  m_EditorClassIdentifier: 
  partName: "2,5 sed\xE1k"
  partNameCombinations: []
  partDescription: 
  partCategory: universal
  includeInDimensions: 1
  dimensions: {x: 1.5488054, y: 0.880511, z: 1}
  image: {fileID: 21300000, guid: 0c5b44f59b8bae041a87b587c313d785, type: 3}
  type: 0
  partPoints:
  - {fileID: 215034625701829187}
  - {fileID: 3113872152939587632}
  - {fileID: 7706749640925809379}
  - {fileID: 8287135421232592820}
  canBeStandalone: 1
  sewingNames:
  - _LEATHER
  OnPartPointConnect:
    m_PersistentCalls:
      m_Calls: []
  possibleOptionalFunctions:
  - {fileID: 11400000, guid: 27003ad964711af4b9e2d118aa0cd649, type: 2}
  - {fileID: 11400000, guid: 7f749ec00fe10294ebaa81fdb2c28dd6, type: 2}
  selectedOptionalFunction: {fileID: 0}
--- !u!114 &7706749640925809379
MonoBehaviour:
  m_ObjectHideFlags: 0
  m_CorrespondingSourceObject: {fileID: 0}
  m_PrefabInstance: {fileID: 0}
  m_PrefabAsset: {fileID: 0}
  m_GameObject: {fileID: 5419194671221141253}
  m_Enabled: 1
  m_EditorHideFlags: 0
  m_Script: {fileID: 11500000, guid: 298df71d7d1c94f47a9df2b26686031c, type: 3}
  m_Name: 
  m_EditorClassIdentifier: 
  type: 2
  connection: l
  allowedCategories: []
  disallowedCategories: []
  partPointGUI: {fileID: 0}
  activateOnDisconnect: []
  connectedTo: {fileID: 0}
  part: {fileID: 0}
--- !u!64 &3296812111188231543
MeshCollider:
  m_ObjectHideFlags: 0
  m_CorrespondingSourceObject: {fileID: 0}
  m_PrefabInstance: {fileID: 0}
  m_PrefabAsset: {fileID: 0}
  m_GameObject: {fileID: 5451654872844532842}
  m_Material: {fileID: 0}
  m_IsTrigger: 0
  m_Enabled: 1
  serializedVersion: 3
  m_Convex: 0
  m_CookingOptions: 14
  m_Mesh: {fileID: -6690851431987806688, guid: 2f463d566654020419af31217de9a13e, type: 3}
--- !u!114 &4541452873344060849
MonoBehaviour:
  m_ObjectHideFlags: 0
  m_CorrespondingSourceObject: {fileID: 0}
  m_PrefabInstance: {fileID: 0}
  m_PrefabAsset: {fileID: 0}
  m_GameObject: {fileID: 5451654872844532842}
  m_Enabled: 1
  m_EditorHideFlags: 0
  m_Script: {fileID: 11500000, guid: 816c52b73d7a1de4d8f07430f0420752, type: 3}
  m_Name: 
  m_EditorClassIdentifier: 
  partMeshType: main
  setMaterialIndex: -1
  setMaterialIndex2: -1
  sewing: 0
--- !u!64 &8379171938894140152
MeshCollider:
  m_ObjectHideFlags: 0
  m_CorrespondingSourceObject: {fileID: 0}
  m_PrefabInstance: {fileID: 0}
  m_PrefabAsset: {fileID: 0}
  m_GameObject: {fileID: 6305780243421065728}
  m_Material: {fileID: 0}
  m_IsTrigger: 0
  m_Enabled: 1
  serializedVersion: 3
  m_Convex: 0
  m_CookingOptions: 14
  m_Mesh: {fileID: -7604294550465104015, guid: 2f463d566654020419af31217de9a13e, type: 3}
--- !u!114 &6172041946216525452
MonoBehaviour:
  m_ObjectHideFlags: 0
  m_CorrespondingSourceObject: {fileID: 0}
  m_PrefabInstance: {fileID: 0}
  m_PrefabAsset: {fileID: 0}
  m_GameObject: {fileID: 6305780243421065728}
  m_Enabled: 1
  m_EditorHideFlags: 0
  m_Script: {fileID: 11500000, guid: 816c52b73d7a1de4d8f07430f0420752, type: 3}
  m_Name: 
  m_EditorClassIdentifier: 
  partMeshType: main
  setMaterialIndex: -1
  setMaterialIndex2: -1
  sewing: 0
--- !u!114 &8287135421232592820
MonoBehaviour:
  m_ObjectHideFlags: 0
  m_CorrespondingSourceObject: {fileID: 0}
  m_PrefabInstance: {fileID: 0}
  m_PrefabAsset: {fileID: 0}
  m_GameObject: {fileID: 7341122034758887696}
  m_Enabled: 1
  m_EditorHideFlags: 0
  m_Script: {fileID: 11500000, guid: 298df71d7d1c94f47a9df2b26686031c, type: 3}
  m_Name: 
  m_EditorClassIdentifier: 
  type: 2
  connection: l
  allowedCategories: []
  disallowedCategories: []
  partPointGUI: {fileID: 0}
  activateOnDisconnect: []
  connectedTo: {fileID: 0}
  part: {fileID: 0}
--- !u!114 &3297297869715004675
MonoBehaviour:
  m_ObjectHideFlags: 0
  m_CorrespondingSourceObject: {fileID: 0}
  m_PrefabInstance: {fileID: 0}
  m_PrefabAsset: {fileID: 0}
  m_GameObject: {fileID: 7415986853440139746}
  m_Enabled: 1
  m_EditorHideFlags: 0
  m_Script: {fileID: 11500000, guid: 816c52b73d7a1de4d8f07430f0420752, type: 3}
  m_Name: 
  m_EditorClassIdentifier: 
  partMeshType: main
  setMaterialIndex: -1
  setMaterialIndex2: -1
  sewing: 1
--- !u!64 &3794262771367104835
MeshCollider:
  m_ObjectHideFlags: 0
  m_CorrespondingSourceObject: {fileID: 0}
  m_PrefabInstance: {fileID: 0}
  m_PrefabAsset: {fileID: 0}
  m_GameObject: {fileID: 7964174792874400766}
  m_Material: {fileID: 0}
  m_IsTrigger: 0
  m_Enabled: 1
  serializedVersion: 3
  m_Convex: 0
  m_CookingOptions: 14
  m_Mesh: {fileID: -7353313882712933437, guid: 2f463d566654020419af31217de9a13e, type: 3}
--- !u!114 &4622196783914431815
MonoBehaviour:
  m_ObjectHideFlags: 0
  m_CorrespondingSourceObject: {fileID: 0}
  m_PrefabInstance: {fileID: 0}
  m_PrefabAsset: {fileID: 0}
  m_GameObject: {fileID: 7964174792874400766}
  m_Enabled: 1
  m_EditorHideFlags: 0
  m_Script: {fileID: 11500000, guid: 816c52b73d7a1de4d8f07430f0420752, type: 3}
  m_Name: 
  m_EditorClassIdentifier: 
  partMeshType: main
  setMaterialIndex: -1
  setMaterialIndex2: -1
  sewing: 0
--- !u!64 &7788299663528201557
MeshCollider:
  m_ObjectHideFlags: 0
  m_CorrespondingSourceObject: {fileID: 0}
  m_PrefabInstance: {fileID: 0}
  m_PrefabAsset: {fileID: 0}
  m_GameObject: {fileID: 8050072410183997636}
  m_Material: {fileID: 0}
  m_IsTrigger: 0
  m_Enabled: 1
  serializedVersion: 3
  m_Convex: 0
  m_CookingOptions: 14
  m_Mesh: {fileID: 1415167939640895192, guid: 2f463d566654020419af31217de9a13e, type: 3}
--- !u!114 &3811014935944994011
MonoBehaviour:
  m_ObjectHideFlags: 0
  m_CorrespondingSourceObject: {fileID: 0}
  m_PrefabInstance: {fileID: 0}
  m_PrefabAsset: {fileID: 0}
  m_GameObject: {fileID: 8050072410183997636}
  m_Enabled: 1
  m_EditorHideFlags: 0
  m_Script: {fileID: 11500000, guid: 8ff23e8d62479ff46bcdd5e0aaed1393, type: 3}
  m_Name: 
  m_EditorClassIdentifier: 
  rotationOpen: {x: 65, y: 0, z: 0}
  rotationClosed: {x: 0, y: 0, z: 0}
  positionOpen: {x: 0, y: 0, z: 0}
  positionClosed: {x: 0, y: 0, z: 0}
  speed: 2
  connectedObject: {fileID: 0}
--- !u!114 &5649742060283726693
MonoBehaviour:
  m_ObjectHideFlags: 0
  m_CorrespondingSourceObject: {fileID: 0}
  m_PrefabInstance: {fileID: 0}
  m_PrefabAsset: {fileID: 0}
  m_GameObject: {fileID: 8050072410183997636}
  m_Enabled: 1
  m_EditorHideFlags: 0
  m_Script: {fileID: 11500000, guid: 816c52b73d7a1de4d8f07430f0420752, type: 3}
  m_Name: 
  m_EditorClassIdentifier: 
  partMeshType: main
  setMaterialIndex: -1
  setMaterialIndex2: -1
  sewing: 0
--- !u!64 &8288889062754653220
MeshCollider:
  m_ObjectHideFlags: 0
  m_CorrespondingSourceObject: {fileID: 0}
  m_PrefabInstance: {fileID: 0}
  m_PrefabAsset: {fileID: 0}
  m_GameObject: {fileID: 8342232262454731022}
  m_Material: {fileID: 0}
  m_IsTrigger: 0
  m_Enabled: 1
  serializedVersion: 3
  m_Convex: 0
  m_CookingOptions: 14
  m_Mesh: {fileID: 4030425454184635611, guid: 2f463d566654020419af31217de9a13e, type: 3}
--- !u!114 &2551498825153246468
MonoBehaviour:
  m_ObjectHideFlags: 0
  m_CorrespondingSourceObject: {fileID: 0}
  m_PrefabInstance: {fileID: 0}
  m_PrefabAsset: {fileID: 0}
  m_GameObject: {fileID: 8342232262454731022}
  m_Enabled: 1
  m_EditorHideFlags: 0
  m_Script: {fileID: 11500000, guid: 816c52b73d7a1de4d8f07430f0420752, type: 3}
  m_Name: 
  m_EditorClassIdentifier: 
  partMeshType: main
  setMaterialIndex: -1
  setMaterialIndex2: -1
  sewing: 0
--- !u!114 &2688277155241626286
MonoBehaviour:
  m_ObjectHideFlags: 0
  m_CorrespondingSourceObject: {fileID: 0}
  m_PrefabInstance: {fileID: 0}
  m_PrefabAsset: {fileID: 0}
  m_GameObject: {fileID: 8342232262454731022}
  m_Enabled: 1
  m_EditorHideFlags: 0
  m_Script: {fileID: 11500000, guid: 8ff23e8d62479ff46bcdd5e0aaed1393, type: 3}
  m_Name: 
  m_EditorClassIdentifier: 
  rotationOpen: {x: 65, y: 0, z: 0}
  rotationClosed: {x: 0, y: 0, z: 0}
  positionOpen: {x: 0, y: 0, z: 0}
  positionClosed: {x: 0, y: 0, z: 0}
  speed: 2
  connectedObject: {fileID: 0}
--- !u!114 &3113872152939587632
MonoBehaviour:
  m_ObjectHideFlags: 0
  m_CorrespondingSourceObject: {fileID: 0}
  m_PrefabInstance: {fileID: 0}
  m_PrefabAsset: {fileID: 0}
  m_GameObject: {fileID: 8380410971925497942}
  m_Enabled: 1
  m_EditorHideFlags: 0
  m_Script: {fileID: 11500000, guid: 298df71d7d1c94f47a9df2b26686031c, type: 3}
  m_Name: 
  m_EditorClassIdentifier: 
  type: 0
  connection: r
  allowedCategories: []
  disallowedCategories: []
  partPointGUI: {fileID: 0}
  activateOnDisconnect: []
  connectedTo: {fileID: 0}
  part: {fileID: 0}
--- !u!1001 &2833920169811213909
PrefabInstance:
  m_ObjectHideFlags: 0
  serializedVersion: 2
  m_Modification:
    m_TransformParent: {fileID: 6154054441424437447}
    m_Modifications:
    - target: {fileID: -927199367670048503, guid: 2f463d566654020419af31217de9a13e,
        type: 3}
      propertyPath: m_Name
      value: bus_2ka2010
      objectReference: {fileID: 0}
    - target: {fileID: -927199367670048503, guid: 2f463d566654020419af31217de9a13e,
        type: 3}
      propertyPath: m_Layer
      value: 9
      objectReference: {fileID: 0}
    - target: {fileID: 5319443465720784299, guid: 2f463d566654020419af31217de9a13e,
        type: 3}
      propertyPath: m_Layer
      value: 9
      objectReference: {fileID: 0}
    - target: {fileID: 8130891622253628501, guid: 2f463d566654020419af31217de9a13e,
        type: 3}
      propertyPath: m_Layer
      value: 9
      objectReference: {fileID: 0}
    - target: {fileID: 8130891622253628501, guid: 2f463d566654020419af31217de9a13e,
        type: 3}
      propertyPath: m_IsActive
      value: 0
      objectReference: {fileID: 0}
    - target: {fileID: 7853205005657276991, guid: 2f463d566654020419af31217de9a13e,
        type: 3}
      propertyPath: m_Layer
      value: 9
      objectReference: {fileID: 0}
    - target: {fileID: 7853205005657276991, guid: 2f463d566654020419af31217de9a13e,
        type: 3}
      propertyPath: m_IsActive
      value: 0
      objectReference: {fileID: 0}
    - target: {fileID: 4246529770933721887, guid: 2f463d566654020419af31217de9a13e,
        type: 3}
      propertyPath: m_Layer
      value: 9
      objectReference: {fileID: 0}
    - target: {fileID: 4737500528444788663, guid: 2f463d566654020419af31217de9a13e,
        type: 3}
      propertyPath: m_Layer
      value: 9
      objectReference: {fileID: 0}
    - target: {fileID: 4737500528444788663, guid: 2f463d566654020419af31217de9a13e,
        type: 3}
      propertyPath: m_IsActive
      value: 0
      objectReference: {fileID: 0}
    - target: {fileID: -7313845044158272195, guid: 2f463d566654020419af31217de9a13e,
        type: 3}
      propertyPath: m_Layer
      value: 9
      objectReference: {fileID: 0}
    - target: {fileID: -7313845044158272195, guid: 2f463d566654020419af31217de9a13e,
        type: 3}
      propertyPath: m_IsActive
      value: 0
      objectReference: {fileID: 0}
    - target: {fileID: 1910466359847362879, guid: 2f463d566654020419af31217de9a13e,
        type: 3}
      propertyPath: m_Layer
      value: 9
      objectReference: {fileID: 0}
    - target: {fileID: -3235510869877148157, guid: 2f463d566654020419af31217de9a13e,
        type: 3}
      propertyPath: m_Layer
      value: 9
      objectReference: {fileID: 0}
    - target: {fileID: 3680729514148500638, guid: 2f463d566654020419af31217de9a13e,
        type: 3}
      propertyPath: m_Layer
      value: 9
      objectReference: {fileID: 0}
    - target: {fileID: 6093805058695339867, guid: 2f463d566654020419af31217de9a13e,
        type: 3}
      propertyPath: m_Layer
      value: 9
      objectReference: {fileID: 0}
    - target: {fileID: 6093805058695339867, guid: 2f463d566654020419af31217de9a13e,
        type: 3}
      propertyPath: m_IsActive
      value: 0
      objectReference: {fileID: 0}
    - target: {fileID: -3971188242017294703, guid: 2f463d566654020419af31217de9a13e,
        type: 3}
      propertyPath: m_Layer
      value: 9
      objectReference: {fileID: 0}
    - target: {fileID: -3971188242017294703, guid: 2f463d566654020419af31217de9a13e,
        type: 3}
      propertyPath: m_IsActive
      value: 0
      objectReference: {fileID: 0}
    - target: {fileID: 1028406911785531604, guid: 2f463d566654020419af31217de9a13e,
        type: 3}
      propertyPath: m_Layer
      value: 9
      objectReference: {fileID: 0}
    - target: {fileID: 3765986110305409682, guid: 2f463d566654020419af31217de9a13e,
        type: 3}
      propertyPath: m_Layer
      value: 9
      objectReference: {fileID: 0}
    - target: {fileID: 3765986110305409682, guid: 2f463d566654020419af31217de9a13e,
        type: 3}
      propertyPath: m_IsActive
      value: 0
      objectReference: {fileID: 0}
    - target: {fileID: -2139487329938601200, guid: 2f463d566654020419af31217de9a13e,
        type: 3}
      propertyPath: m_Layer
      value: 9
      objectReference: {fileID: 0}
    - target: {fileID: -2139487329938601200, guid: 2f463d566654020419af31217de9a13e,
        type: 3}
      propertyPath: m_IsActive
      value: 0
      objectReference: {fileID: 0}
    - target: {fileID: -1413915095171722928, guid: 2f463d566654020419af31217de9a13e,
        type: 3}
      propertyPath: m_Layer
      value: 9
      objectReference: {fileID: 0}
    - target: {fileID: -4416627186858862779, guid: 2f463d566654020419af31217de9a13e,
        type: 3}
      propertyPath: m_Layer
      value: 9
      objectReference: {fileID: 0}
    - target: {fileID: -4416627186858862779, guid: 2f463d566654020419af31217de9a13e,
        type: 3}
      propertyPath: m_IsActive
      value: 0
      objectReference: {fileID: 0}
    - target: {fileID: -4216859302048453862, guid: 2f463d566654020419af31217de9a13e,
        type: 3}
      propertyPath: m_LocalPosition.x
      value: 0
      objectReference: {fileID: 0}
    - target: {fileID: -4216859302048453862, guid: 2f463d566654020419af31217de9a13e,
        type: 3}
      propertyPath: m_LocalPosition.y
      value: 0
      objectReference: {fileID: 0}
    - target: {fileID: -4216859302048453862, guid: 2f463d566654020419af31217de9a13e,
        type: 3}
      propertyPath: m_LocalPosition.z
      value: 0
      objectReference: {fileID: 0}
    - target: {fileID: -4216859302048453862, guid: 2f463d566654020419af31217de9a13e,
        type: 3}
      propertyPath: m_LocalRotation.x
      value: 0
      objectReference: {fileID: 0}
    - target: {fileID: -4216859302048453862, guid: 2f463d566654020419af31217de9a13e,
        type: 3}
      propertyPath: m_LocalRotation.y
      value: 0
      objectReference: {fileID: 0}
    - target: {fileID: -4216859302048453862, guid: 2f463d566654020419af31217de9a13e,
        type: 3}
      propertyPath: m_LocalRotation.z
      value: 0
      objectReference: {fileID: 0}
    - target: {fileID: -4216859302048453862, guid: 2f463d566654020419af31217de9a13e,
        type: 3}
      propertyPath: m_LocalRotation.w
      value: 1
      objectReference: {fileID: 0}
    - target: {fileID: -4216859302048453862, guid: 2f463d566654020419af31217de9a13e,
        type: 3}
      propertyPath: m_RootOrder
      value: 0
      objectReference: {fileID: 0}
    - target: {fileID: -4216859302048453862, guid: 2f463d566654020419af31217de9a13e,
        type: 3}
      propertyPath: m_LocalEulerAnglesHint.x
      value: 0
      objectReference: {fileID: 0}
    - target: {fileID: -4216859302048453862, guid: 2f463d566654020419af31217de9a13e,
        type: 3}
      propertyPath: m_LocalEulerAnglesHint.y
      value: 0
      objectReference: {fileID: 0}
    - target: {fileID: -4216859302048453862, guid: 2f463d566654020419af31217de9a13e,
        type: 3}
      propertyPath: m_LocalEulerAnglesHint.z
      value: 0
      objectReference: {fileID: 0}
    - target: {fileID: 2403220117637384708, guid: 2f463d566654020419af31217de9a13e,
        type: 3}
      propertyPath: m_Materials.Array.data[0]
      value: 
      objectReference: {fileID: 2100000, guid: 2abd7b2298a510a4aa3c01245cd0c1ec, type: 2}
    - target: {fileID: -7917362799913775342, guid: 2f463d566654020419af31217de9a13e,
        type: 3}
      propertyPath: m_Materials.Array.data[0]
      value: 
      objectReference: {fileID: 2100000, guid: 2abd7b2298a510a4aa3c01245cd0c1ec, type: 2}
    - target: {fileID: -378956446743428749, guid: 2f463d566654020419af31217de9a13e,
        type: 3}
      propertyPath: m_Materials.Array.data[0]
      value: 
      objectReference: {fileID: 2100000, guid: 2abd7b2298a510a4aa3c01245cd0c1ec, type: 2}
    - target: {fileID: -3234714351760908887, guid: 2f463d566654020419af31217de9a13e,
        type: 3}
      propertyPath: m_Materials.Array.data[0]
      value: 
      objectReference: {fileID: 2100000, guid: 2abd7b2298a510a4aa3c01245cd0c1ec, type: 2}
    m_RemovedComponents: []
  m_SourcePrefab: {fileID: 100100000, guid: 2f463d566654020419af31217de9a13e, type: 3}
--- !u!4 &7074785233801893199 stripped
Transform:
  m_CorrespondingSourceObject: {fileID: -4216859302048453862, guid: 2f463d566654020419af31217de9a13e,
    type: 3}
  m_PrefabInstance: {fileID: 2833920169811213909}
  m_PrefabAsset: {fileID: 0}
--- !u!1 &7964174792874400766 stripped
GameObject:
  m_CorrespondingSourceObject: {fileID: 5319443465720784299, guid: 2f463d566654020419af31217de9a13e,
    type: 3}
  m_PrefabInstance: {fileID: 2833920169811213909}
  m_PrefabAsset: {fileID: 0}
--- !u!1 &6305780243421065728 stripped
GameObject:
  m_CorrespondingSourceObject: {fileID: 8130891622253628501, guid: 2f463d566654020419af31217de9a13e,
    type: 3}
  m_PrefabInstance: {fileID: 2833920169811213909}
  m_PrefabAsset: {fileID: 0}
--- !u!1 &8342232262454731022 stripped
GameObject:
  m_CorrespondingSourceObject: {fileID: 6093805058695339867, guid: 2f463d566654020419af31217de9a13e,
    type: 3}
  m_PrefabInstance: {fileID: 2833920169811213909}
  m_PrefabAsset: {fileID: 0}
--- !u!1 &8050072410183997636 stripped
GameObject:
  m_CorrespondingSourceObject: {fileID: -3971188242017294703, guid: 2f463d566654020419af31217de9a13e,
    type: 3}
  m_PrefabInstance: {fileID: 2833920169811213909}
  m_PrefabAsset: {fileID: 0}
--- !u!1 &2959350673149331073 stripped
GameObject:
  m_CorrespondingSourceObject: {fileID: 1028406911785531604, guid: 2f463d566654020419af31217de9a13e,
    type: 3}
  m_PrefabInstance: {fileID: 2833920169811213909}
  m_PrefabAsset: {fileID: 0}
--- !u!1 &1459316486462466763 stripped
GameObject:
  m_CorrespondingSourceObject: {fileID: 3680729514148500638, guid: 2f463d566654020419af31217de9a13e,
    type: 3}
  m_PrefabInstance: {fileID: 2833920169811213909}
  m_PrefabAsset: {fileID: 0}
--- !u!1 &8380410971925497942 stripped
GameObject:
  m_CorrespondingSourceObject: {fileID: -3235510869877148157, guid: 2f463d566654020419af31217de9a13e,
    type: 3}
  m_PrefabInstance: {fileID: 2833920169811213909}
  m_PrefabAsset: {fileID: 0}
--- !u!1 &4456114370386091882 stripped
GameObject:
  m_CorrespondingSourceObject: {fileID: 1910466359847362879, guid: 2f463d566654020419af31217de9a13e,
    type: 3}
  m_PrefabInstance: {fileID: 2833920169811213909}
  m_PrefabAsset: {fileID: 0}
--- !u!1 &4455216511473718120 stripped
GameObject:
  m_CorrespondingSourceObject: {fileID: -7313845044158272195, guid: 2f463d566654020419af31217de9a13e,
    type: 3}
  m_PrefabInstance: {fileID: 2833920169811213909}
  m_PrefabAsset: {fileID: 0}
--- !u!1 &7415986853440139746 stripped
GameObject:
  m_CorrespondingSourceObject: {fileID: 4737500528444788663, guid: 2f463d566654020419af31217de9a13e,
    type: 3}
  m_PrefabInstance: {fileID: 2833920169811213909}
  m_PrefabAsset: {fileID: 0}
--- !u!1 &4979601278547457349 stripped
GameObject:
  m_CorrespondingSourceObject: {fileID: -2139487329938601200, guid: 2f463d566654020419af31217de9a13e,
    type: 3}
  m_PrefabInstance: {fileID: 2833920169811213909}
  m_PrefabAsset: {fileID: 0}
--- !u!1 &2142217206074271050 stripped
GameObject:
  m_CorrespondingSourceObject: {fileID: 4246529770933721887, guid: 2f463d566654020419af31217de9a13e,
    type: 3}
  m_PrefabInstance: {fileID: 2833920169811213909}
  m_PrefabAsset: {fileID: 0}
--- !u!1 &5419194671221141253 stripped
GameObject:
  m_CorrespondingSourceObject: {fileID: -1413915095171722928, guid: 2f463d566654020419af31217de9a13e,
    type: 3}
  m_PrefabInstance: {fileID: 2833920169811213909}
  m_PrefabAsset: {fileID: 0}
--- !u!1 &5451654872844532842 stripped
GameObject:
  m_CorrespondingSourceObject: {fileID: 7853205005657276991, guid: 2f463d566654020419af31217de9a13e,
    type: 3}
  m_PrefabInstance: {fileID: 2833920169811213909}
  m_PrefabAsset: {fileID: 0}
--- !u!1 &7341122034758887696 stripped
GameObject:
  m_CorrespondingSourceObject: {fileID: -4416627186858862779, guid: 2f463d566654020419af31217de9a13e,
    type: 3}
  m_PrefabInstance: {fileID: 2833920169811213909}
  m_PrefabAsset: {fileID: 0}
--- !u!1 &1375677111131858119 stripped
GameObject:
  m_CorrespondingSourceObject: {fileID: 3765986110305409682, guid: 2f463d566654020419af31217de9a13e,
    type: 3}
  m_PrefabInstance: {fileID: 2833920169811213909}
  m_PrefabAsset: {fileID: 0}
