%YAML 1.1
%TAG !u! tag:unity3d.com,2011:
--- !u!114 &9191403383806472239
MonoBehaviour:
  m_ObjectHideFlags: 0
  m_CorrespondingSourceObject: {fileID: 0}
  m_PrefabInstance: {fileID: 0}
  m_PrefabAsset: {fileID: 0}
  m_GameObject: {fileID: 1977063440831651523}
  m_Enabled: 1
  m_EditorHideFlags: 0
  m_Script: {fileID: 11500000, guid: 298df71d7d1c94f47a9df2b26686031c, type: 3}
  m_Name: 
  m_EditorClassIdentifier: 
  type: 0
  connection: r
  allowedCategories: []
  disallowedCategories: []
  partPointGUI: {fileID: 0}
  activateOnDisconnect: []
  connectedTo: {fileID: 0}
  part: {fileID: 0}
--- !u!114 &8807329648212269884
MonoBehaviour:
  m_ObjectHideFlags: 0
  m_CorrespondingSourceObject: {fileID: 0}
  m_PrefabInstance: {fileID: 0}
  m_PrefabAsset: {fileID: 0}
  m_GameObject: {fileID: 3940389849027354223}
  m_Enabled: 1
  m_EditorHideFlags: 0
  m_Script: {fileID: 11500000, guid: 816c52b73d7a1de4d8f07430f0420752, type: 3}
  m_Name: 
  m_EditorClassIdentifier: 
  partMeshType: legs
  setMaterialIndex: -1
  setMaterialIndex2: -1
  sewing: 0
--- !u!114 &8353311242596954315
MonoBehaviour:
  m_ObjectHideFlags: 0
  m_CorrespondingSourceObject: {fileID: 0}
  m_PrefabInstance: {fileID: 0}
  m_PrefabAsset: {fileID: 0}
  m_GameObject: {fileID: 6096050068621163868}
  m_Enabled: 1
  m_EditorHideFlags: 0
  m_Script: {fileID: 11500000, guid: 816c52b73d7a1de4d8f07430f0420752, type: 3}
  m_Name: 
  m_EditorClassIdentifier: 
  partMeshType: legs
  setMaterialIndex: -1
  setMaterialIndex2: -1
  sewing: 0
--- !u!1 &6301241763529426785
GameObject:
  m_ObjectHideFlags: 0
  m_CorrespondingSourceObject: {fileID: 0}
  m_PrefabInstance: {fileID: 0}
  m_PrefabAsset: {fileID: 0}
  serializedVersion: 6
  m_Component:
  - component: {fileID: 2467532657065897520}
  - component: {fileID: 840118919069139375}
  m_Layer: 9
  m_Name: bus_ARM_1_P
  m_TagString: Untagged
  m_Icon: {fileID: 0}
  m_NavMeshLayer: 0
  m_StaticEditorFlags: 0
  m_IsActive: 1
--- !u!4 &2467532657065897520
Transform:
  m_ObjectHideFlags: 0
  m_CorrespondingSourceObject: {fileID: 0}
  m_PrefabInstance: {fileID: 0}
  m_PrefabAsset: {fileID: 0}
  m_GameObject: {fileID: 6301241763529426785}
  m_LocalRotation: {x: 0, y: 1, z: 0, w: 0}
  m_LocalPosition: {x: 0, y: 0, z: 0}
  m_LocalScale: {x: 1, y: 1, z: 1}
  m_Children:
  - {fileID: 2019367248524950554}
  m_Father: {fileID: 0}
  m_RootOrder: 0
  m_LocalEulerAnglesHint: {x: 0, y: 180, z: 0}
--- !u!114 &840118919069139375
MonoBehaviour:
  m_ObjectHideFlags: 0
  m_CorrespondingSourceObject: {fileID: 0}
  m_PrefabInstance: {fileID: 0}
  m_PrefabAsset: {fileID: 0}
  m_GameObject: {fileID: 6301241763529426785}
  m_Enabled: 1
  m_EditorHideFlags: 0
  m_Script: {fileID: 11500000, guid: de305606890b87e42a58c187eba6fe10, type: 3}
  m_Name: 
  m_EditorClassIdentifier: 
  partName: "Podru\u010D"
  partNameCombinations: []
  partDescription: 
  partCategory: arm
  includeInDimensions: 1
  dimensions: {x: 0.2613021, y: 0.63134336, z: 0.9903668}
  image: {fileID: 21300000, guid: ab4468ef2d3e8b247966783d8e598b72, type: 3}
  type: 0
  partPoints:
  - {fileID: 9191403383806472239}
  canBeStandalone: 0
  sewingNames:
  - _LEATHER
  OnPartPointConnect:
    m_PersistentCalls:
      m_Calls: []
  possibleOptionalFunctions:
  - {fileID: 11400000, guid: c53afd1aceb3a194ab6025f7e52a77cd, type: 2}
  - {fileID: 11400000, guid: 1cfbcf610acf14b47b0dfdc3bc2f4535, type: 2}
  - {fileID: 11400000, guid: e3de8fb2553047b4fae5a44110a91cfb, type: 2}
  selectedOptionalFunction: {fileID: 0}
--- !u!114 &5867857970760618014
MonoBehaviour:
  m_ObjectHideFlags: 0
  m_CorrespondingSourceObject: {fileID: 0}
  m_PrefabInstance: {fileID: 0}
  m_PrefabAsset: {fileID: 0}
  m_GameObject: {fileID: 531384187524707673}
  m_Enabled: 1
  m_EditorHideFlags: 0
  m_Script: {fileID: 11500000, guid: 6babaae144bcc55458a5958fa7d6af9c, type: 3}
  m_Name: 
  m_EditorClassIdentifier: 
  optionalFunctions:
  - {fileID: 11400000, guid: c53afd1aceb3a194ab6025f7e52a77cd, type: 2}
  - {fileID: 11400000, guid: e3de8fb2553047b4fae5a44110a91cfb, type: 2}
--- !u!64 &2187174674801897756
MeshCollider:
  m_ObjectHideFlags: 0
  m_CorrespondingSourceObject: {fileID: 0}
  m_PrefabInstance: {fileID: 0}
  m_PrefabAsset: {fileID: 0}
  m_GameObject: {fileID: 6880204598790047605}
  m_Material: {fileID: 0}
  m_IsTrigger: 0
  m_Enabled: 1
  serializedVersion: 3
  m_Convex: 0
  m_CookingOptions: 14
  m_Mesh: {fileID: 2008398484062930459, guid: d9054d4c26ee56545a6273dfb6584514, type: 3}
--- !u!114 &5639310188676383778
MonoBehaviour:
  m_ObjectHideFlags: 0
  m_CorrespondingSourceObject: {fileID: 0}
  m_PrefabInstance: {fileID: 0}
  m_PrefabAsset: {fileID: 0}
  m_GameObject: {fileID: 6880204598790047605}
  m_Enabled: 1
  m_EditorHideFlags: 0
  m_Script: {fileID: 11500000, guid: 816c52b73d7a1de4d8f07430f0420752, type: 3}
  m_Name: 
  m_EditorClassIdentifier: 
  partMeshType: main
  setMaterialIndex: -1
  setMaterialIndex2: -1
  sewing: 0
--- !u!114 &8892381449471855641
MonoBehaviour:
  m_ObjectHideFlags: 0
  m_CorrespondingSourceObject: {fileID: 0}
  m_PrefabInstance: {fileID: 0}
  m_PrefabAsset: {fileID: 0}
  m_GameObject: {fileID: 7341229602693318228}
  m_Enabled: 1
  m_EditorHideFlags: 0
  m_Script: {fileID: 11500000, guid: 816c52b73d7a1de4d8f07430f0420752, type: 3}
  m_Name: 
  m_EditorClassIdentifier: 
  partMeshType: legs2
  setMaterialIndex: -1
  setMaterialIndex2: -1
  sewing: 0
--- !u!64 &6510454380610570565
MeshCollider:
  m_ObjectHideFlags: 0
  m_CorrespondingSourceObject: {fileID: 0}
  m_PrefabInstance: {fileID: 0}
  m_PrefabAsset: {fileID: 0}
  m_GameObject: {fileID: 7837968593131431781}
  m_Material: {fileID: 0}
  m_IsTrigger: 0
  m_Enabled: 1
  serializedVersion: 3
  m_Convex: 0
  m_CookingOptions: 14
  m_Mesh: {fileID: 8400788240186078842, guid: d9054d4c26ee56545a6273dfb6584514, type: 3}
--- !u!114 &649528467216465573
MonoBehaviour:
  m_ObjectHideFlags: 0
  m_CorrespondingSourceObject: {fileID: 0}
  m_PrefabInstance: {fileID: 0}
  m_PrefabAsset: {fileID: 0}
  m_GameObject: {fileID: 7837968593131431781}
  m_Enabled: 1
  m_EditorHideFlags: 0
  m_Script: {fileID: 11500000, guid: 816c52b73d7a1de4d8f07430f0420752, type: 3}
  m_Name: 
  m_EditorClassIdentifier: 
  partMeshType: main
  setMaterialIndex: -1
  setMaterialIndex2: -1
  sewing: 0
--- !u!1001 &6448186128703592192
PrefabInstance:
  m_ObjectHideFlags: 0
  serializedVersion: 2
  m_Modification:
    m_TransformParent: {fileID: 2467532657065897520}
    m_Modifications:
    - target: {fileID: -927199367670048503, guid: d9054d4c26ee56545a6273dfb6584514,
        type: 3}
      propertyPath: m_Name
      value: bus_ARM_1_P
      objectReference: {fileID: 0}
    - target: {fileID: -927199367670048503, guid: d9054d4c26ee56545a6273dfb6584514,
        type: 3}
      propertyPath: m_Layer
      value: 9
      objectReference: {fileID: 0}
    - target: {fileID: 6783357843502391897, guid: d9054d4c26ee56545a6273dfb6584514,
        type: 3}
      propertyPath: m_Layer
      value: 9
      objectReference: {fileID: 0}
    - target: {fileID: 434573997441110133, guid: d9054d4c26ee56545a6273dfb6584514,
        type: 3}
      propertyPath: m_Layer
      value: 9
      objectReference: {fileID: 0}
    - target: {fileID: 3871549726541148261, guid: d9054d4c26ee56545a6273dfb6584514,
        type: 3}
      propertyPath: m_Layer
      value: 9
      objectReference: {fileID: 0}
    - target: {fileID: 3871549726541148261, guid: d9054d4c26ee56545a6273dfb6584514,
        type: 3}
      propertyPath: m_IsActive
      value: 0
      objectReference: {fileID: 0}
    - target: {fileID: 4761289589649574339, guid: d9054d4c26ee56545a6273dfb6584514,
        type: 3}
      propertyPath: m_Layer
      value: 9
      objectReference: {fileID: 0}
    - target: {fileID: 4367865411478524244, guid: d9054d4c26ee56545a6273dfb6584514,
        type: 3}
      propertyPath: m_Layer
      value: 9
      objectReference: {fileID: 0}
    - target: {fileID: 4367865411478524244, guid: d9054d4c26ee56545a6273dfb6584514,
        type: 3}
      propertyPath: m_IsActive
      value: 0
      objectReference: {fileID: 0}
    - target: {fileID: 1001217639878650460, guid: d9054d4c26ee56545a6273dfb6584514,
        type: 3}
      propertyPath: m_Layer
      value: 9
      objectReference: {fileID: 0}
    - target: {fileID: -1165415605454632593, guid: d9054d4c26ee56545a6273dfb6584514,
        type: 3}
      propertyPath: m_Layer
      value: 9
      objectReference: {fileID: 0}
    - target: {fileID: -4216859302048453862, guid: d9054d4c26ee56545a6273dfb6584514,
        type: 3}
      propertyPath: m_LocalPosition.x
      value: 0
      objectReference: {fileID: 0}
    - target: {fileID: -4216859302048453862, guid: d9054d4c26ee56545a6273dfb6584514,
        type: 3}
      propertyPath: m_LocalPosition.y
      value: 0
      objectReference: {fileID: 0}
    - target: {fileID: -4216859302048453862, guid: d9054d4c26ee56545a6273dfb6584514,
        type: 3}
      propertyPath: m_LocalPosition.z
      value: 0
      objectReference: {fileID: 0}
    - target: {fileID: -4216859302048453862, guid: d9054d4c26ee56545a6273dfb6584514,
        type: 3}
      propertyPath: m_LocalRotation.x
      value: 0
      objectReference: {fileID: 0}
    - target: {fileID: -4216859302048453862, guid: d9054d4c26ee56545a6273dfb6584514,
        type: 3}
      propertyPath: m_LocalRotation.y
      value: 0
      objectReference: {fileID: 0}
    - target: {fileID: -4216859302048453862, guid: d9054d4c26ee56545a6273dfb6584514,
        type: 3}
      propertyPath: m_LocalRotation.z
      value: 0
      objectReference: {fileID: 0}
    - target: {fileID: -4216859302048453862, guid: d9054d4c26ee56545a6273dfb6584514,
        type: 3}
      propertyPath: m_LocalRotation.w
      value: 1
      objectReference: {fileID: 0}
    - target: {fileID: -4216859302048453862, guid: d9054d4c26ee56545a6273dfb6584514,
        type: 3}
      propertyPath: m_RootOrder
      value: 0
      objectReference: {fileID: 0}
    - target: {fileID: -4216859302048453862, guid: d9054d4c26ee56545a6273dfb6584514,
        type: 3}
      propertyPath: m_LocalEulerAnglesHint.x
      value: 0
      objectReference: {fileID: 0}
    - target: {fileID: -4216859302048453862, guid: d9054d4c26ee56545a6273dfb6584514,
        type: 3}
      propertyPath: m_LocalEulerAnglesHint.y
      value: 0
      objectReference: {fileID: 0}
    - target: {fileID: -4216859302048453862, guid: d9054d4c26ee56545a6273dfb6584514,
        type: 3}
      propertyPath: m_LocalEulerAnglesHint.z
      value: 0
      objectReference: {fileID: 0}
    - target: {fileID: 8138752653557271765, guid: d9054d4c26ee56545a6273dfb6584514,
        type: 3}
      propertyPath: m_Materials.Array.data[0]
      value: 
      objectReference: {fileID: 2100000, guid: ef0a40ef0c4155445bab600761bd9a08, type: 2}
    - target: {fileID: -7988598757537070314, guid: d9054d4c26ee56545a6273dfb6584514,
        type: 3}
      propertyPath: m_Materials.Array.data[0]
      value: 
      objectReference: {fileID: 2100000, guid: ef0a40ef0c4155445bab600761bd9a08, type: 2}
    - target: {fileID: -7786980261620198454, guid: d9054d4c26ee56545a6273dfb6584514,
        type: 3}
      propertyPath: m_Materials.Array.data[0]
      value: 
      objectReference: {fileID: 2100000, guid: ef0a40ef0c4155445bab600761bd9a08, type: 2}
    - target: {fileID: -7786980261620198454, guid: d9054d4c26ee56545a6273dfb6584514,
        type: 3}
      propertyPath: m_Materials.Array.data[1]
      value: 
      objectReference: {fileID: 2100000, guid: ef0a40ef0c4155445bab600761bd9a08, type: 2}
    - target: {fileID: -4675046462819181656, guid: d9054d4c26ee56545a6273dfb6584514,
        type: 3}
      propertyPath: m_Materials.Array.data[0]
      value: 
      objectReference: {fileID: 2100000, guid: 2abd7b2298a510a4aa3c01245cd0c1ec, type: 2}
    - target: {fileID: -6832405203551647160, guid: d9054d4c26ee56545a6273dfb6584514,
        type: 3}
      propertyPath: m_Materials.Array.data[0]
      value: 
      objectReference: {fileID: 2100000, guid: ef0a40ef0c4155445bab600761bd9a08, type: 2}
    m_RemovedComponents: []
  m_SourcePrefab: {fileID: 100100000, guid: d9054d4c26ee56545a6273dfb6584514, type: 3}
--- !u!4 &2019367248524950554 stripped
Transform:
  m_CorrespondingSourceObject: {fileID: -4216859302048453862, guid: d9054d4c26ee56545a6273dfb6584514,
    type: 3}
  m_PrefabInstance: {fileID: 6448186128703592192}
  m_PrefabAsset: {fileID: 0}
--- !u!1 &531384187524707673 stripped
GameObject:
  m_CorrespondingSourceObject: {fileID: 6783357843502391897, guid: d9054d4c26ee56545a6273dfb6584514,
    type: 3}
  m_PrefabInstance: {fileID: 6448186128703592192}
  m_PrefabAsset: {fileID: 0}
--- !u!1 &6880204598790047605 stripped
GameObject:
  m_CorrespondingSourceObject: {fileID: 434573997441110133, guid: d9054d4c26ee56545a6273dfb6584514,
    type: 3}
  m_PrefabInstance: {fileID: 6448186128703592192}
  m_PrefabAsset: {fileID: 0}
--- !u!1 &7837968593131431781 stripped
GameObject:
  m_CorrespondingSourceObject: {fileID: 3871549726541148261, guid: d9054d4c26ee56545a6273dfb6584514,
    type: 3}
  m_PrefabInstance: {fileID: 6448186128703592192}
  m_PrefabAsset: {fileID: 0}
--- !u!1 &1977063440831651523 stripped
GameObject:
  m_CorrespondingSourceObject: {fileID: 4761289589649574339, guid: d9054d4c26ee56545a6273dfb6584514,
    type: 3}
  m_PrefabInstance: {fileID: 6448186128703592192}
  m_PrefabAsset: {fileID: 0}
--- !u!1 &7341229602693318228 stripped
GameObject:
  m_CorrespondingSourceObject: {fileID: 4367865411478524244, guid: d9054d4c26ee56545a6273dfb6584514,
    type: 3}
  m_PrefabInstance: {fileID: 6448186128703592192}
  m_PrefabAsset: {fileID: 0}
--- !u!1 &6096050068621163868 stripped
GameObject:
  m_CorrespondingSourceObject: {fileID: 1001217639878650460, guid: d9054d4c26ee56545a6273dfb6584514,
    type: 3}
  m_PrefabInstance: {fileID: 6448186128703592192}
  m_PrefabAsset: {fileID: 0}
--- !u!1 &3940389849027354223 stripped
GameObject:
  m_CorrespondingSourceObject: {fileID: -1165415605454632593, guid: d9054d4c26ee56545a6273dfb6584514,
    type: 3}
  m_PrefabInstance: {fileID: 6448186128703592192}
  m_PrefabAsset: {fileID: 0}
