%YAML 1.1
%TAG !u! tag:unity3d.com,2011:
--- !u!64 &6296474246581860800
MeshCollider:
  m_ObjectHideFlags: 0
  m_CorrespondingSourceObject: {fileID: 0}
  m_PrefabInstance: {fileID: 0}
  m_PrefabAsset: {fileID: 0}
  m_GameObject: {fileID: 1094869777259527719}
  m_Material: {fileID: 0}
  m_IsTrigger: 0
  m_Enabled: 1
  serializedVersion: 3
  m_Convex: 0
  m_CookingOptions: 14
  m_Mesh: {fileID: -7522856514344391428, guid: d33d89cfd3267aa4aa23dbceaee27409, type: 3}
--- !u!114 &7727848282977479230
MonoBehaviour:
  m_ObjectHideFlags: 0
  m_CorrespondingSourceObject: {fileID: 0}
  m_PrefabInstance: {fileID: 0}
  m_PrefabAsset: {fileID: 0}
  m_GameObject: {fileID: 1094869777259527719}
  m_Enabled: 1
  m_EditorHideFlags: 0
  m_Script: {fileID: 11500000, guid: 816c52b73d7a1de4d8f07430f0420752, type: 3}
  m_Name: 
  m_EditorClassIdentifier: 
  partMeshType: main
  setMaterialIndex: -1
  setMaterialIndex2: -1
--- !u!64 &2225292366135308228
MeshCollider:
  m_ObjectHideFlags: 0
  m_CorrespondingSourceObject: {fileID: 0}
  m_PrefabInstance: {fileID: 0}
  m_PrefabAsset: {fileID: 0}
  m_GameObject: {fileID: 3093852470320536093}
  m_Material: {fileID: 0}
  m_IsTrigger: 0
  m_Enabled: 1
  serializedVersion: 3
  m_Convex: 0
  m_CookingOptions: 14
  m_Mesh: {fileID: -3148381614690014514, guid: d33d89cfd3267aa4aa23dbceaee27409, type: 3}
--- !u!114 &1764171633120846803
MonoBehaviour:
  m_ObjectHideFlags: 0
  m_CorrespondingSourceObject: {fileID: 0}
  m_PrefabInstance: {fileID: 0}
  m_PrefabAsset: {fileID: 0}
  m_GameObject: {fileID: 3093852470320536093}
  m_Enabled: 1
  m_EditorHideFlags: 0
  m_Script: {fileID: 11500000, guid: 816c52b73d7a1de4d8f07430f0420752, type: 3}
  m_Name: 
  m_EditorClassIdentifier: 
  partMeshType: main
  setMaterialIndex: -1
  setMaterialIndex2: -1
--- !u!114 &4875223262133638262
MonoBehaviour:
  m_ObjectHideFlags: 0
  m_CorrespondingSourceObject: {fileID: 0}
  m_PrefabInstance: {fileID: 0}
  m_PrefabAsset: {fileID: 0}
  m_GameObject: {fileID: 3093852470320536093}
  m_Enabled: 1
  m_EditorHideFlags: 0
  m_Script: {fileID: 11500000, guid: 1030b2116dfab9343be14c0d0839ab5e, type: 3}
  m_Name: 
  m_EditorClassIdentifier: 
  ActivateObject: {fileID: 4053926119276777229}
  deactivateOnStart: 0
--- !u!64 &803346853432630555
MeshCollider:
  m_ObjectHideFlags: 0
  m_CorrespondingSourceObject: {fileID: 0}
  m_PrefabInstance: {fileID: 0}
  m_PrefabAsset: {fileID: 0}
  m_GameObject: {fileID: 3116644560803054673}
  m_Material: {fileID: 0}
  m_IsTrigger: 0
  m_Enabled: 1
  serializedVersion: 3
  m_Convex: 0
  m_CookingOptions: 14
  m_Mesh: {fileID: 5605461852770005144, guid: d33d89cfd3267aa4aa23dbceaee27409, type: 3}
--- !u!114 &1823131112661627476
MonoBehaviour:
  m_ObjectHideFlags: 0
  m_CorrespondingSourceObject: {fileID: 0}
  m_PrefabInstance: {fileID: 0}
  m_PrefabAsset: {fileID: 0}
  m_GameObject: {fileID: 3116644560803054673}
  m_Enabled: 1
  m_EditorHideFlags: 0
  m_Script: {fileID: 11500000, guid: 1030b2116dfab9343be14c0d0839ab5e, type: 3}
  m_Name: 
  m_EditorClassIdentifier: 
  ActivateObject: {fileID: 3958605784564179750}
  deactivateOnStart: 0
--- !u!114 &2925957672132627067
MonoBehaviour:
  m_ObjectHideFlags: 0
  m_CorrespondingSourceObject: {fileID: 0}
  m_PrefabInstance: {fileID: 0}
  m_PrefabAsset: {fileID: 0}
  m_GameObject: {fileID: 3116644560803054673}
  m_Enabled: 1
  m_EditorHideFlags: 0
  m_Script: {fileID: 11500000, guid: 816c52b73d7a1de4d8f07430f0420752, type: 3}
  m_Name: 
  m_EditorClassIdentifier: 
  partMeshType: main
  setMaterialIndex: -1
  setMaterialIndex2: -1
--- !u!64 &8984049165038789846
MeshCollider:
  m_ObjectHideFlags: 0
  m_CorrespondingSourceObject: {fileID: 0}
  m_PrefabInstance: {fileID: 0}
  m_PrefabAsset: {fileID: 0}
  m_GameObject: {fileID: 3254196200220335235}
  m_Material: {fileID: 0}
  m_IsTrigger: 0
  m_Enabled: 1
  serializedVersion: 3
  m_Convex: 0
  m_CookingOptions: 14
  m_Mesh: {fileID: -7625437363540431825, guid: d33d89cfd3267aa4aa23dbceaee27409, type: 3}
--- !u!114 &474205914426850815
MonoBehaviour:
  m_ObjectHideFlags: 0
  m_CorrespondingSourceObject: {fileID: 0}
  m_PrefabInstance: {fileID: 0}
  m_PrefabAsset: {fileID: 0}
  m_GameObject: {fileID: 3254196200220335235}
  m_Enabled: 1
  m_EditorHideFlags: 0
  m_Script: {fileID: 11500000, guid: 816c52b73d7a1de4d8f07430f0420752, type: 3}
  m_Name: 
  m_EditorClassIdentifier: 
  partMeshType: main
  setMaterialIndex: -1
  setMaterialIndex2: -1
--- !u!114 &7794798424871389129
MonoBehaviour:
  m_ObjectHideFlags: 0
  m_CorrespondingSourceObject: {fileID: 0}
  m_PrefabInstance: {fileID: 0}
  m_PrefabAsset: {fileID: 0}
  m_GameObject: {fileID: 3254196200220335235}
  m_Enabled: 1
  m_EditorHideFlags: 0
  m_Script: {fileID: 11500000, guid: 1030b2116dfab9343be14c0d0839ab5e, type: 3}
  m_Name: 
  m_EditorClassIdentifier: 
  ActivateObject: {fileID: 5601017617150962869}
  deactivateOnStart: 0
--- !u!114 &7425797588330383942
MonoBehaviour:
  m_ObjectHideFlags: 0
  m_CorrespondingSourceObject: {fileID: 0}
  m_PrefabInstance: {fileID: 0}
  m_PrefabAsset: {fileID: 0}
  m_GameObject: {fileID: 3317042565745537071}
  m_Enabled: 1
  m_EditorHideFlags: 0
  m_Script: {fileID: 11500000, guid: 816c52b73d7a1de4d8f07430f0420752, type: 3}
  m_Name: 
  m_EditorClassIdentifier: 
  partMeshType: legs
  setMaterialIndex: -1
  setMaterialIndex2: -1
--- !u!64 &7602732814245863942
MeshCollider:
  m_ObjectHideFlags: 0
  m_CorrespondingSourceObject: {fileID: 0}
  m_PrefabInstance: {fileID: 0}
  m_PrefabAsset: {fileID: 0}
  m_GameObject: {fileID: 3958605784564179750}
  m_Material: {fileID: 0}
  m_IsTrigger: 0
  m_Enabled: 1
  serializedVersion: 3
  m_Convex: 0
  m_CookingOptions: 14
  m_Mesh: {fileID: -5153112429791302166, guid: d33d89cfd3267aa4aa23dbceaee27409, type: 3}
--- !u!114 &4237333014134102770
MonoBehaviour:
  m_ObjectHideFlags: 0
  m_CorrespondingSourceObject: {fileID: 0}
  m_PrefabInstance: {fileID: 0}
  m_PrefabAsset: {fileID: 0}
  m_GameObject: {fileID: 3958605784564179750}
  m_Enabled: 1
  m_EditorHideFlags: 0
  m_Script: {fileID: 11500000, guid: 1030b2116dfab9343be14c0d0839ab5e, type: 3}
  m_Name: 
  m_EditorClassIdentifier: 
  ActivateObject: {fileID: 3116644560803054673}
  deactivateOnStart: 0
--- !u!114 &5170643651965667373
MonoBehaviour:
  m_ObjectHideFlags: 0
  m_CorrespondingSourceObject: {fileID: 0}
  m_PrefabInstance: {fileID: 0}
  m_PrefabAsset: {fileID: 0}
  m_GameObject: {fileID: 3958605784564179750}
  m_Enabled: 1
  m_EditorHideFlags: 0
  m_Script: {fileID: 11500000, guid: 816c52b73d7a1de4d8f07430f0420752, type: 3}
  m_Name: 
  m_EditorClassIdentifier: 
  partMeshType: main
  setMaterialIndex: -1
  setMaterialIndex2: -1
--- !u!64 &3024978124948610798
MeshCollider:
  m_ObjectHideFlags: 0
  m_CorrespondingSourceObject: {fileID: 0}
  m_PrefabInstance: {fileID: 0}
  m_PrefabAsset: {fileID: 0}
  m_GameObject: {fileID: 4053926119276777229}
  m_Material: {fileID: 0}
  m_IsTrigger: 0
  m_Enabled: 1
  serializedVersion: 3
  m_Convex: 0
  m_CookingOptions: 14
  m_Mesh: {fileID: 1296874528502286999, guid: d33d89cfd3267aa4aa23dbceaee27409, type: 3}
--- !u!114 &1531662974577371854
MonoBehaviour:
  m_ObjectHideFlags: 0
  m_CorrespondingSourceObject: {fileID: 0}
  m_PrefabInstance: {fileID: 0}
  m_PrefabAsset: {fileID: 0}
  m_GameObject: {fileID: 4053926119276777229}
  m_Enabled: 1
  m_EditorHideFlags: 0
  m_Script: {fileID: 11500000, guid: 816c52b73d7a1de4d8f07430f0420752, type: 3}
  m_Name: 
  m_EditorClassIdentifier: 
  partMeshType: main
  setMaterialIndex: -1
  setMaterialIndex2: -1
--- !u!114 &1983738020697017358
MonoBehaviour:
  m_ObjectHideFlags: 0
  m_CorrespondingSourceObject: {fileID: 0}
  m_PrefabInstance: {fileID: 0}
  m_PrefabAsset: {fileID: 0}
  m_GameObject: {fileID: 4053926119276777229}
  m_Enabled: 1
  m_EditorHideFlags: 0
  m_Script: {fileID: 11500000, guid: 1030b2116dfab9343be14c0d0839ab5e, type: 3}
  m_Name: 
  m_EditorClassIdentifier: 
  ActivateObject: {fileID: 3093852470320536093}
  deactivateOnStart: 0
--- !u!114 &7756724031354830048
MonoBehaviour:
  m_ObjectHideFlags: 0
  m_CorrespondingSourceObject: {fileID: 0}
  m_PrefabInstance: {fileID: 0}
  m_PrefabAsset: {fileID: 0}
  m_GameObject: {fileID: 4110642851552093193}
  m_Enabled: 1
  m_EditorHideFlags: 0
  m_Script: {fileID: 11500000, guid: 816c52b73d7a1de4d8f07430f0420752, type: 3}
  m_Name: 
  m_EditorClassIdentifier: 
  partMeshType: legs
  setMaterialIndex: -1
  setMaterialIndex2: -1
--- !u!114 &5602798043989890699
MonoBehaviour:
  m_ObjectHideFlags: 0
  m_CorrespondingSourceObject: {fileID: 0}
  m_PrefabInstance: {fileID: 0}
  m_PrefabAsset: {fileID: 0}
  m_GameObject: {fileID: 5489225654504711582}
  m_Enabled: 1
  m_EditorHideFlags: 0
  m_Script: {fileID: 11500000, guid: 816c52b73d7a1de4d8f07430f0420752, type: 3}
  m_Name: 
  m_EditorClassIdentifier: 
  partMeshType: legs
  setMaterialIndex: -1
  setMaterialIndex2: -1
--- !u!64 &6381207922302801742
MeshCollider:
  m_ObjectHideFlags: 0
  m_CorrespondingSourceObject: {fileID: 0}
  m_PrefabInstance: {fileID: 0}
  m_PrefabAsset: {fileID: 0}
  m_GameObject: {fileID: 5601017617150962869}
  m_Material: {fileID: 0}
  m_IsTrigger: 0
  m_Enabled: 1
  serializedVersion: 3
  m_Convex: 0
  m_CookingOptions: 14
  m_Mesh: {fileID: -4093796302745864141, guid: d33d89cfd3267aa4aa23dbceaee27409, type: 3}
--- !u!114 &2947397472815238668
MonoBehaviour:
  m_ObjectHideFlags: 0
  m_CorrespondingSourceObject: {fileID: 0}
  m_PrefabInstance: {fileID: 0}
  m_PrefabAsset: {fileID: 0}
  m_GameObject: {fileID: 5601017617150962869}
  m_Enabled: 1
  m_EditorHideFlags: 0
  m_Script: {fileID: 11500000, guid: 1030b2116dfab9343be14c0d0839ab5e, type: 3}
  m_Name: 
  m_EditorClassIdentifier: 
  ActivateObject: {fileID: 3254196200220335235}
  deactivateOnStart: 0
--- !u!114 &7121360567576445027
MonoBehaviour:
  m_ObjectHideFlags: 0
  m_CorrespondingSourceObject: {fileID: 0}
  m_PrefabInstance: {fileID: 0}
  m_PrefabAsset: {fileID: 0}
  m_GameObject: {fileID: 5601017617150962869}
  m_Enabled: 1
  m_EditorHideFlags: 0
  m_Script: {fileID: 11500000, guid: 816c52b73d7a1de4d8f07430f0420752, type: 3}
  m_Name: 
  m_EditorClassIdentifier: 
  partMeshType: main
  setMaterialIndex: -1
  setMaterialIndex2: -1
--- !u!114 &5421086294823467991
MonoBehaviour:
  m_ObjectHideFlags: 0
  m_CorrespondingSourceObject: {fileID: 0}
  m_PrefabInstance: {fileID: 0}
  m_PrefabAsset: {fileID: 0}
  m_GameObject: {fileID: 7959498973934844977}
  m_Enabled: 1
  m_EditorHideFlags: 0
  m_Script: {fileID: 11500000, guid: 298df71d7d1c94f47a9df2b26686031c, type: 3}
  m_Name: 
  m_EditorClassIdentifier: 
  type: 0
  connection: r
  allowedCategories: []
  partPointGUI: {fileID: 0}
  activateOnDisconnect: []
  connectedTo: {fileID: 0}
  part: {fileID: 0}
--- !u!1 &8036787402070101037
GameObject:
  m_ObjectHideFlags: 0
  m_CorrespondingSourceObject: {fileID: 0}
  m_PrefabInstance: {fileID: 0}
  m_PrefabAsset: {fileID: 0}
  serializedVersion: 6
  m_Component:
  - component: {fileID: 2369856039692384477}
  - component: {fileID: 4230306772891384455}
  m_Layer: 9
  m_Name: orl_OTTOMAN_velky 1
  m_TagString: Untagged
  m_Icon: {fileID: 0}
  m_NavMeshLayer: 0
  m_StaticEditorFlags: 0
  m_IsActive: 1
--- !u!4 &2369856039692384477
Transform:
  m_ObjectHideFlags: 0
  m_CorrespondingSourceObject: {fileID: 0}
  m_PrefabInstance: {fileID: 0}
  m_PrefabAsset: {fileID: 0}
  m_GameObject: {fileID: 8036787402070101037}
  m_LocalRotation: {x: 0, y: 1, z: 0, w: -0.00000004371139}
  m_LocalPosition: {x: 0, y: 0, z: 0}
  m_LocalScale: {x: 1, y: 1, z: 1}
  m_Children:
  - {fileID: 3293473995216288871}
  m_Father: {fileID: 0}
  m_RootOrder: 0
  m_LocalEulerAnglesHint: {x: 0, y: 0, z: 0}
--- !u!114 &4230306772891384455
MonoBehaviour:
  m_ObjectHideFlags: 0
  m_CorrespondingSourceObject: {fileID: 0}
  m_PrefabInstance: {fileID: 0}
  m_PrefabAsset: {fileID: 0}
  m_GameObject: {fileID: 8036787402070101037}
  m_Enabled: 1
  m_EditorHideFlags: 0
  m_Script: {fileID: 11500000, guid: de305606890b87e42a58c187eba6fe10, type: 3}
  m_Name: 
  m_EditorClassIdentifier: 
  partName: "Ottoman ve\u013Ek\xFD"
  partDescription: 
  partCategory: ottoman
  dimensions: {x: 2.3585901, y: 0.98495585, z: 1.1336553}
  image: {fileID: 21300000, guid: c3bee4bddce1f7844a41b0ef0ee9efb6, type: 3}
  type: 0
  partPoints:
  - {fileID: 5421086294823467991}
  canBeStandalone: 1
  sewingNames: []
  OnPartPointConnect:
    m_PersistentCalls:
      m_Calls: []
--- !u!114 &3874422518978616812
MonoBehaviour:
  m_ObjectHideFlags: 0
  m_CorrespondingSourceObject: {fileID: 0}
  m_PrefabInstance: {fileID: 0}
  m_PrefabAsset: {fileID: 0}
  m_GameObject: {fileID: 9155309031463373406}
  m_Enabled: 1
  m_EditorHideFlags: 0
  m_Script: {fileID: 11500000, guid: 816c52b73d7a1de4d8f07430f0420752, type: 3}
  m_Name: 
  m_EditorClassIdentifier: 
  partMeshType: legs
  setMaterialIndex: -1
  setMaterialIndex2: -1
--- !u!1001 &7552098869216270205
PrefabInstance:
  m_ObjectHideFlags: 0
  serializedVersion: 2
  m_Modification:
    m_TransformParent: {fileID: 2369856039692384477}
    m_Modifications:
    - target: {fileID: -927199367670048503, guid: d33d89cfd3267aa4aa23dbceaee27409,
        type: 3}
      propertyPath: m_Name
      value: orl_OTTOMAN_velky
      objectReference: {fileID: 0}
    - target: {fileID: -927199367670048503, guid: d33d89cfd3267aa4aa23dbceaee27409,
        type: 3}
      propertyPath: m_Layer
      value: 9
      objectReference: {fileID: 0}
    - target: {fileID: -8738210547172168884, guid: d33d89cfd3267aa4aa23dbceaee27409,
        type: 3}
      propertyPath: m_Layer
      value: 9
      objectReference: {fileID: 0}
    - target: {fileID: -4123343103507617966, guid: d33d89cfd3267aa4aa23dbceaee27409,
        type: 3}
      propertyPath: m_Layer
      value: 9
      objectReference: {fileID: 0}
    - target: {fileID: 1711439215206538531, guid: d33d89cfd3267aa4aa23dbceaee27409,
        type: 3}
      propertyPath: m_Layer
      value: 9
      objectReference: {fileID: 0}
    - target: {fileID: 5892289463421318004, guid: d33d89cfd3267aa4aa23dbceaee27409,
        type: 3}
      propertyPath: m_Layer
      value: 9
      objectReference: {fileID: 0}
    - target: {fileID: 2658201640392536803, guid: d33d89cfd3267aa4aa23dbceaee27409,
        type: 3}
      propertyPath: m_Layer
      value: 9
      objectReference: {fileID: 0}
    - target: {fileID: -4458031988759573152, guid: d33d89cfd3267aa4aa23dbceaee27409,
        type: 3}
      propertyPath: m_Layer
      value: 9
      objectReference: {fileID: 0}
    - target: {fileID: -4458031988759573152, guid: d33d89cfd3267aa4aa23dbceaee27409,
        type: 3}
      propertyPath: m_IsActive
      value: 0
      objectReference: {fileID: 0}
    - target: {fileID: 4868103535470973740, guid: d33d89cfd3267aa4aa23dbceaee27409,
        type: 3}
      propertyPath: m_Layer
      value: 9
      objectReference: {fileID: 0}
    - target: {fileID: 4868103535470973740, guid: d33d89cfd3267aa4aa23dbceaee27409,
        type: 3}
      propertyPath: m_IsActive
      value: 0
      objectReference: {fileID: 0}
    - target: {fileID: 5037078114217020414, guid: d33d89cfd3267aa4aa23dbceaee27409,
        type: 3}
      propertyPath: m_Layer
      value: 9
      objectReference: {fileID: 0}
    - target: {fileID: 5037078114217020414, guid: d33d89cfd3267aa4aa23dbceaee27409,
        type: 3}
      propertyPath: m_IsActive
      value: 0
      objectReference: {fileID: 0}
    - target: {fileID: -3419356114319812496, guid: d33d89cfd3267aa4aa23dbceaee27409,
        type: 3}
      propertyPath: m_Layer
      value: 9
      objectReference: {fileID: 0}
    - target: {fileID: -3419356114319812496, guid: d33d89cfd3267aa4aa23dbceaee27409,
        type: 3}
      propertyPath: m_IsActive
      value: 1
      objectReference: {fileID: 0}
    - target: {fileID: 6782908210023167067, guid: d33d89cfd3267aa4aa23dbceaee27409,
        type: 3}
      propertyPath: m_Layer
      value: 9
      objectReference: {fileID: 0}
    - target: {fileID: 6782908210023167067, guid: d33d89cfd3267aa4aa23dbceaee27409,
        type: 3}
      propertyPath: m_IsActive
      value: 1
      objectReference: {fileID: 0}
    - target: {fileID: -6524380845665469496, guid: d33d89cfd3267aa4aa23dbceaee27409,
        type: 3}
      propertyPath: m_Layer
      value: 9
      objectReference: {fileID: 0}
    - target: {fileID: -6524380845665469496, guid: d33d89cfd3267aa4aa23dbceaee27409,
        type: 3}
      propertyPath: m_IsActive
      value: 1
      objectReference: {fileID: 0}
    - target: {fileID: -1729466187607266982, guid: d33d89cfd3267aa4aa23dbceaee27409,
        type: 3}
      propertyPath: m_Layer
      value: 9
      objectReference: {fileID: 0}
    - target: {fileID: -4216859302048453862, guid: d33d89cfd3267aa4aa23dbceaee27409,
        type: 3}
      propertyPath: m_LocalPosition.x
      value: 0
      objectReference: {fileID: 0}
    - target: {fileID: -4216859302048453862, guid: d33d89cfd3267aa4aa23dbceaee27409,
        type: 3}
      propertyPath: m_LocalPosition.y
      value: 0
      objectReference: {fileID: 0}
    - target: {fileID: -4216859302048453862, guid: d33d89cfd3267aa4aa23dbceaee27409,
        type: 3}
      propertyPath: m_LocalPosition.z
      value: 0
      objectReference: {fileID: 0}
    - target: {fileID: -4216859302048453862, guid: d33d89cfd3267aa4aa23dbceaee27409,
        type: 3}
      propertyPath: m_LocalRotation.x
      value: 0
      objectReference: {fileID: 0}
    - target: {fileID: -4216859302048453862, guid: d33d89cfd3267aa4aa23dbceaee27409,
        type: 3}
      propertyPath: m_LocalRotation.y
      value: 0
      objectReference: {fileID: 0}
    - target: {fileID: -4216859302048453862, guid: d33d89cfd3267aa4aa23dbceaee27409,
        type: 3}
      propertyPath: m_LocalRotation.z
      value: 0
      objectReference: {fileID: 0}
    - target: {fileID: -4216859302048453862, guid: d33d89cfd3267aa4aa23dbceaee27409,
        type: 3}
      propertyPath: m_LocalRotation.w
      value: 1
      objectReference: {fileID: 0}
    - target: {fileID: -4216859302048453862, guid: d33d89cfd3267aa4aa23dbceaee27409,
        type: 3}
      propertyPath: m_RootOrder
      value: 0
      objectReference: {fileID: 0}
    - target: {fileID: -4216859302048453862, guid: d33d89cfd3267aa4aa23dbceaee27409,
        type: 3}
      propertyPath: m_LocalEulerAnglesHint.x
      value: 0
      objectReference: {fileID: 0}
    - target: {fileID: -4216859302048453862, guid: d33d89cfd3267aa4aa23dbceaee27409,
        type: 3}
      propertyPath: m_LocalEulerAnglesHint.y
      value: 0
      objectReference: {fileID: 0}
    - target: {fileID: -4216859302048453862, guid: d33d89cfd3267aa4aa23dbceaee27409,
        type: 3}
      propertyPath: m_LocalEulerAnglesHint.z
      value: 0
      objectReference: {fileID: 0}
    - target: {fileID: -4216859302048453862, guid: d33d89cfd3267aa4aa23dbceaee27409,
        type: 3}
      propertyPath: m_LocalScale.x
      value: -1
      objectReference: {fileID: 0}
    - target: {fileID: 7955255574208293374, guid: d33d89cfd3267aa4aa23dbceaee27409,
        type: 3}
      propertyPath: m_Materials.Array.data[0]
      value: 
      objectReference: {fileID: 2100000, guid: 2abd7b2298a510a4aa3c01245cd0c1ec, type: 2}
    - target: {fileID: -3901966387778716681, guid: d33d89cfd3267aa4aa23dbceaee27409,
        type: 3}
      propertyPath: m_Materials.Array.data[0]
      value: 
      objectReference: {fileID: 2100000, guid: 2abd7b2298a510a4aa3c01245cd0c1ec, type: 2}
    - target: {fileID: -3894618466532591578, guid: d33d89cfd3267aa4aa23dbceaee27409,
        type: 3}
      propertyPath: m_Materials.Array.data[0]
      value: 
      objectReference: {fileID: 2100000, guid: ef0a40ef0c4155445bab600761bd9a08, type: 2}
    - target: {fileID: 5439446607787524285, guid: d33d89cfd3267aa4aa23dbceaee27409,
        type: 3}
      propertyPath: m_Materials.Array.data[0]
      value: 
      objectReference: {fileID: 2100000, guid: ef0a40ef0c4155445bab600761bd9a08, type: 2}
    - target: {fileID: -4356423478455367473, guid: d33d89cfd3267aa4aa23dbceaee27409,
        type: 3}
      propertyPath: m_Materials.Array.data[0]
      value: 
      objectReference: {fileID: 2100000, guid: 2abd7b2298a510a4aa3c01245cd0c1ec, type: 2}
    - target: {fileID: 2587124717832116592, guid: d33d89cfd3267aa4aa23dbceaee27409,
        type: 3}
      propertyPath: m_Materials.Array.data[0]
      value: 
      objectReference: {fileID: 2100000, guid: ef0a40ef0c4155445bab600761bd9a08, type: 2}
    - target: {fileID: 2610345664609720056, guid: d33d89cfd3267aa4aa23dbceaee27409,
        type: 3}
      propertyPath: m_Materials.Array.data[0]
      value: 
      objectReference: {fileID: 2100000, guid: 2abd7b2298a510a4aa3c01245cd0c1ec, type: 2}
    - target: {fileID: -5761645078330525770, guid: d33d89cfd3267aa4aa23dbceaee27409,
        type: 3}
      propertyPath: m_Materials.Array.data[0]
      value: 
      objectReference: {fileID: 2100000, guid: ef0a40ef0c4155445bab600761bd9a08, type: 2}
    m_RemovedComponents: []
  m_SourcePrefab: {fileID: 100100000, guid: d33d89cfd3267aa4aa23dbceaee27409, type: 3}
--- !u!1 &3254196200220335235 stripped
GameObject:
  m_CorrespondingSourceObject: {fileID: 5037078114217020414, guid: d33d89cfd3267aa4aa23dbceaee27409,
    type: 3}
  m_PrefabInstance: {fileID: 7552098869216270205}
  m_PrefabAsset: {fileID: 0}
--- !u!1 &3116644560803054673 stripped
GameObject:
  m_CorrespondingSourceObject: {fileID: 4868103535470973740, guid: d33d89cfd3267aa4aa23dbceaee27409,
    type: 3}
  m_PrefabInstance: {fileID: 7552098869216270205}
  m_PrefabAsset: {fileID: 0}
--- !u!1 &3093852470320536093 stripped
GameObject:
  m_CorrespondingSourceObject: {fileID: -4458031988759573152, guid: d33d89cfd3267aa4aa23dbceaee27409,
    type: 3}
  m_PrefabInstance: {fileID: 7552098869216270205}
  m_PrefabAsset: {fileID: 0}
--- !u!1 &5489225654504711582 stripped
GameObject:
  m_CorrespondingSourceObject: {fileID: 2658201640392536803, guid: d33d89cfd3267aa4aa23dbceaee27409,
    type: 3}
  m_PrefabInstance: {fileID: 7552098869216270205}
  m_PrefabAsset: {fileID: 0}
--- !u!1 &4053926119276777229 stripped
GameObject:
  m_CorrespondingSourceObject: {fileID: -3419356114319812496, guid: d33d89cfd3267aa4aa23dbceaee27409,
    type: 3}
  m_PrefabInstance: {fileID: 7552098869216270205}
  m_PrefabAsset: {fileID: 0}
--- !u!1 &4110642851552093193 stripped
GameObject:
  m_CorrespondingSourceObject: {fileID: 5892289463421318004, guid: d33d89cfd3267aa4aa23dbceaee27409,
    type: 3}
  m_PrefabInstance: {fileID: 7552098869216270205}
  m_PrefabAsset: {fileID: 0}
--- !u!1 &9155309031463373406 stripped
GameObject:
  m_CorrespondingSourceObject: {fileID: 1711439215206538531, guid: d33d89cfd3267aa4aa23dbceaee27409,
    type: 3}
  m_PrefabInstance: {fileID: 7552098869216270205}
  m_PrefabAsset: {fileID: 0}
--- !u!1 &3958605784564179750 stripped
GameObject:
  m_CorrespondingSourceObject: {fileID: 6782908210023167067, guid: d33d89cfd3267aa4aa23dbceaee27409,
    type: 3}
  m_PrefabInstance: {fileID: 7552098869216270205}
  m_PrefabAsset: {fileID: 0}
--- !u!1 &3317042565745537071 stripped
GameObject:
  m_CorrespondingSourceObject: {fileID: -4123343103507617966, guid: d33d89cfd3267aa4aa23dbceaee27409,
    type: 3}
  m_PrefabInstance: {fileID: 7552098869216270205}
  m_PrefabAsset: {fileID: 0}
--- !u!1 &7959498973934844977 stripped
GameObject:
  m_CorrespondingSourceObject: {fileID: -8738210547172168884, guid: d33d89cfd3267aa4aa23dbceaee27409,
    type: 3}
  m_PrefabInstance: {fileID: 7552098869216270205}
  m_PrefabAsset: {fileID: 0}
--- !u!4 &3293473995216288871 stripped
Transform:
  m_CorrespondingSourceObject: {fileID: -4216859302048453862, guid: d33d89cfd3267aa4aa23dbceaee27409,
    type: 3}
  m_PrefabInstance: {fileID: 7552098869216270205}
  m_PrefabAsset: {fileID: 0}
--- !u!1 &5601017617150962869 stripped
GameObject:
  m_CorrespondingSourceObject: {fileID: -6524380845665469496, guid: d33d89cfd3267aa4aa23dbceaee27409,
    type: 3}
  m_PrefabInstance: {fileID: 7552098869216270205}
  m_PrefabAsset: {fileID: 0}
--- !u!1 &1094869777259527719 stripped
GameObject:
  m_CorrespondingSourceObject: {fileID: -1729466187607266982, guid: d33d89cfd3267aa4aa23dbceaee27409,
    type: 3}
  m_PrefabInstance: {fileID: 7552098869216270205}
  m_PrefabAsset: {fileID: 0}
