%YAML 1.1
%TAG !u! tag:unity3d.com,2011:
--- !u!114 &3196316916798439877
MonoBehaviour:
  m_ObjectHideFlags: 0
  m_CorrespondingSourceObject: {fileID: 0}
  m_PrefabInstance: {fileID: 0}
  m_PrefabAsset: {fileID: 0}
  m_GameObject: {fileID: 519114644540714881}
  m_Enabled: 1
  m_EditorHideFlags: 0
  m_Script: {fileID: 11500000, guid: 298df71d7d1c94f47a9df2b26686031c, type: 3}
  m_Name: 
  m_EditorClassIdentifier: 
  type: 0
  connection: r
  allowedCategories: []
  disallowedCategories: []
  partPointGUI: {fileID: 0}
  activateOnDisconnect: []
  connectedTo: {fileID: 0}
  part: {fileID: 0}
--- !u!64 &7610832505366331918
MeshCollider:
  m_ObjectHideFlags: 0
  m_CorrespondingSourceObject: {fileID: 0}
  m_PrefabInstance: {fileID: 0}
  m_PrefabAsset: {fileID: 0}
  m_GameObject: {fileID: 566194829993581654}
  m_Material: {fileID: 0}
  m_IsTrigger: 0
  m_Enabled: 1
  serializedVersion: 3
  m_Convex: 0
  m_CookingOptions: 14
  m_Mesh: {fileID: 8311839378844455986, guid: 6dd6985733835b543a07b4b54964428b, type: 3}
--- !u!114 &2249634482888276701
MonoBehaviour:
  m_ObjectHideFlags: 0
  m_CorrespondingSourceObject: {fileID: 0}
  m_PrefabInstance: {fileID: 0}
  m_PrefabAsset: {fileID: 0}
  m_GameObject: {fileID: 566194829993581654}
  m_Enabled: 1
  m_EditorHideFlags: 0
  m_Script: {fileID: 11500000, guid: 816c52b73d7a1de4d8f07430f0420752, type: 3}
  m_Name: 
  m_EditorClassIdentifier: 
  partMeshType: main
  setMaterialIndex: -1
  setMaterialIndex2: -1
  sewing: 0
--- !u!114 &2785396137960310491
MonoBehaviour:
  m_ObjectHideFlags: 0
  m_CorrespondingSourceObject: {fileID: 0}
  m_PrefabInstance: {fileID: 0}
  m_PrefabAsset: {fileID: 0}
  m_GameObject: {fileID: 566194829993581654}
  m_Enabled: 1
  m_EditorHideFlags: 0
  m_Script: {fileID: 11500000, guid: 1030b2116dfab9343be14c0d0839ab5e, type: 3}
  m_Name: 
  m_EditorClassIdentifier: 
  ActivateObject: {fileID: 6018310671405790366}
  deactivateOnStart: 0
  DeactivateObjectInsteadOfThis: {fileID: 0}
--- !u!64 &3124307460601264450
MeshCollider:
  m_ObjectHideFlags: 0
  m_CorrespondingSourceObject: {fileID: 0}
  m_PrefabInstance: {fileID: 0}
  m_PrefabAsset: {fileID: 0}
  m_GameObject: {fileID: 847408627459771810}
  m_Material: {fileID: 0}
  m_IsTrigger: 0
  m_Enabled: 1
  serializedVersion: 3
  m_Convex: 0
  m_CookingOptions: 14
  m_Mesh: {fileID: -4307767321919623810, guid: 6dd6985733835b543a07b4b54964428b, type: 3}
--- !u!114 &3047669413660272681
MonoBehaviour:
  m_ObjectHideFlags: 0
  m_CorrespondingSourceObject: {fileID: 0}
  m_PrefabInstance: {fileID: 0}
  m_PrefabAsset: {fileID: 0}
  m_GameObject: {fileID: 847408627459771810}
  m_Enabled: 1
  m_EditorHideFlags: 0
  m_Script: {fileID: 11500000, guid: 816c52b73d7a1de4d8f07430f0420752, type: 3}
  m_Name: 
  m_EditorClassIdentifier: 
  partMeshType: main
  setMaterialIndex: -1
  setMaterialIndex2: -1
  sewing: 0
--- !u!114 &7413660423270489120
MonoBehaviour:
  m_ObjectHideFlags: 0
  m_CorrespondingSourceObject: {fileID: 0}
  m_PrefabInstance: {fileID: 0}
  m_PrefabAsset: {fileID: 0}
  m_GameObject: {fileID: 847408627459771810}
  m_Enabled: 1
  m_EditorHideFlags: 0
  m_Script: {fileID: 11500000, guid: 1030b2116dfab9343be14c0d0839ab5e, type: 3}
  m_Name: 
  m_EditorClassIdentifier: 
  ActivateObject: {fileID: 2003377886370057077}
  deactivateOnStart: 0
  DeactivateObjectInsteadOfThis: {fileID: 0}
--- !u!64 &7252430156280182389
MeshCollider:
  m_ObjectHideFlags: 0
  m_CorrespondingSourceObject: {fileID: 0}
  m_PrefabInstance: {fileID: 0}
  m_PrefabAsset: {fileID: 0}
  m_GameObject: {fileID: 2003377886370057077}
  m_Material: {fileID: 0}
  m_IsTrigger: 0
  m_Enabled: 1
  serializedVersion: 3
  m_Convex: 0
  m_CookingOptions: 14
  m_Mesh: {fileID: 906664570207549226, guid: 6dd6985733835b543a07b4b54964428b, type: 3}
--- !u!114 &7283549808377601682
MonoBehaviour:
  m_ObjectHideFlags: 0
  m_CorrespondingSourceObject: {fileID: 0}
  m_PrefabInstance: {fileID: 0}
  m_PrefabAsset: {fileID: 0}
  m_GameObject: {fileID: 2003377886370057077}
  m_Enabled: 1
  m_EditorHideFlags: 0
  m_Script: {fileID: 11500000, guid: 1030b2116dfab9343be14c0d0839ab5e, type: 3}
  m_Name: 
  m_EditorClassIdentifier: 
  ActivateObject: {fileID: 847408627459771810}
  deactivateOnStart: 0
  DeactivateObjectInsteadOfThis: {fileID: 0}
--- !u!114 &8216628229183634875
MonoBehaviour:
  m_ObjectHideFlags: 0
  m_CorrespondingSourceObject: {fileID: 0}
  m_PrefabInstance: {fileID: 0}
  m_PrefabAsset: {fileID: 0}
  m_GameObject: {fileID: 2003377886370057077}
  m_Enabled: 1
  m_EditorHideFlags: 0
  m_Script: {fileID: 11500000, guid: 816c52b73d7a1de4d8f07430f0420752, type: 3}
  m_Name: 
  m_EditorClassIdentifier: 
  partMeshType: main
  setMaterialIndex: -1
  setMaterialIndex2: -1
  sewing: 0
--- !u!64 &7048473138191754792
MeshCollider:
  m_ObjectHideFlags: 0
  m_CorrespondingSourceObject: {fileID: 0}
  m_PrefabInstance: {fileID: 0}
  m_PrefabAsset: {fileID: 0}
  m_GameObject: {fileID: 6018310671405790366}
  m_Material: {fileID: 0}
  m_IsTrigger: 0
  m_Enabled: 1
  serializedVersion: 3
  m_Convex: 0
  m_CookingOptions: 14
  m_Mesh: {fileID: 8605991177093679156, guid: 6dd6985733835b543a07b4b54964428b, type: 3}
--- !u!114 &3885561280417884509
MonoBehaviour:
  m_ObjectHideFlags: 0
  m_CorrespondingSourceObject: {fileID: 0}
  m_PrefabInstance: {fileID: 0}
  m_PrefabAsset: {fileID: 0}
  m_GameObject: {fileID: 6018310671405790366}
  m_Enabled: 1
  m_EditorHideFlags: 0
  m_Script: {fileID: 11500000, guid: 1030b2116dfab9343be14c0d0839ab5e, type: 3}
  m_Name: 
  m_EditorClassIdentifier: 
  ActivateObject: {fileID: 566194829993581654}
  deactivateOnStart: 0
  DeactivateObjectInsteadOfThis: {fileID: 0}
--- !u!114 &8610333477236586507
MonoBehaviour:
  m_ObjectHideFlags: 0
  m_CorrespondingSourceObject: {fileID: 0}
  m_PrefabInstance: {fileID: 0}
  m_PrefabAsset: {fileID: 0}
  m_GameObject: {fileID: 6018310671405790366}
  m_Enabled: 1
  m_EditorHideFlags: 0
  m_Script: {fileID: 11500000, guid: 816c52b73d7a1de4d8f07430f0420752, type: 3}
  m_Name: 
  m_EditorClassIdentifier: 
  partMeshType: main
  setMaterialIndex: -1
  setMaterialIndex2: -1
  sewing: 0
--- !u!1 &7926667769152773044
GameObject:
  m_ObjectHideFlags: 0
  m_CorrespondingSourceObject: {fileID: 0}
  m_PrefabInstance: {fileID: 0}
  m_PrefabAsset: {fileID: 0}
  serializedVersion: 6
  m_Component:
  - component: {fileID: 509335470087275328}
  - component: {fileID: 3574701731784816629}
  m_Layer: 9
  m_Name: orl_2ka_2280
  m_TagString: Untagged
  m_Icon: {fileID: 0}
  m_NavMeshLayer: 0
  m_StaticEditorFlags: 0
  m_IsActive: 1
--- !u!4 &509335470087275328
Transform:
  m_ObjectHideFlags: 0
  m_CorrespondingSourceObject: {fileID: 0}
  m_PrefabInstance: {fileID: 0}
  m_PrefabAsset: {fileID: 0}
  m_GameObject: {fileID: 7926667769152773044}
  m_LocalRotation: {x: 0, y: 1, z: 0, w: -0.00000004371139}
  m_LocalPosition: {x: 0, y: 0, z: 0}
  m_LocalScale: {x: 1, y: 1, z: 1}
  m_Children:
  - {fileID: 1249705791466402456}
  m_Father: {fileID: 0}
  m_RootOrder: 0
  m_LocalEulerAnglesHint: {x: 0, y: 0, z: 0}
--- !u!114 &3574701731784816629
MonoBehaviour:
  m_ObjectHideFlags: 0
  m_CorrespondingSourceObject: {fileID: 0}
  m_PrefabInstance: {fileID: 0}
  m_PrefabAsset: {fileID: 0}
  m_GameObject: {fileID: 7926667769152773044}
  m_Enabled: 1
  m_EditorHideFlags: 0
  m_Script: {fileID: 11500000, guid: de305606890b87e42a58c187eba6fe10, type: 3}
  m_Name: 
  m_EditorClassIdentifier: 
  partName: "3 sed\xE1k"
  partNameCombinations: []
  partDescription: 
  partCategory: universal
  includeInDimensions: 1
  dimensions: {x: 1.703522, y: 0.9849558, z: 1.1316502}
  image: {fileID: 21300000, guid: db4faeb437a711741bcc5971973c2112, type: 3}
  type: 0
  partPoints:
  - {fileID: 6530147291391996711}
  - {fileID: 3196316916798439877}
  canBeStandalone: 1
  sewingNames: []
  OnPartPointConnect:
    m_PersistentCalls:
      m_Calls: []
  possibleOptionalFunctions:
  - {fileID: 11400000, guid: ed12bb320ed2d2941ab74bb18f26284c, type: 2}
  selectedOptionalFunction: {fileID: 0}
--- !u!114 &6530147291391996711
MonoBehaviour:
  m_ObjectHideFlags: 0
  m_CorrespondingSourceObject: {fileID: 0}
  m_PrefabInstance: {fileID: 0}
  m_PrefabAsset: {fileID: 0}
  m_GameObject: {fileID: 8316206267362465819}
  m_Enabled: 1
  m_EditorHideFlags: 0
  m_Script: {fileID: 11500000, guid: 298df71d7d1c94f47a9df2b26686031c, type: 3}
  m_Name: 
  m_EditorClassIdentifier: 
  type: 0
  connection: l
  allowedCategories: []
  disallowedCategories: []
  partPointGUI: {fileID: 0}
  activateOnDisconnect: []
  connectedTo: {fileID: 0}
  part: {fileID: 0}
--- !u!64 &950416278736432668
MeshCollider:
  m_ObjectHideFlags: 0
  m_CorrespondingSourceObject: {fileID: 0}
  m_PrefabInstance: {fileID: 0}
  m_PrefabAsset: {fileID: 0}
  m_GameObject: {fileID: 8879338167969885857}
  m_Material: {fileID: 0}
  m_IsTrigger: 0
  m_Enabled: 1
  serializedVersion: 3
  m_Convex: 0
  m_CookingOptions: 14
  m_Mesh: {fileID: 643963251359596766, guid: 6dd6985733835b543a07b4b54964428b, type: 3}
--- !u!114 &8842548665697494110
MonoBehaviour:
  m_ObjectHideFlags: 0
  m_CorrespondingSourceObject: {fileID: 0}
  m_PrefabInstance: {fileID: 0}
  m_PrefabAsset: {fileID: 0}
  m_GameObject: {fileID: 8879338167969885857}
  m_Enabled: 1
  m_EditorHideFlags: 0
  m_Script: {fileID: 11500000, guid: 816c52b73d7a1de4d8f07430f0420752, type: 3}
  m_Name: 
  m_EditorClassIdentifier: 
  partMeshType: main
  setMaterialIndex: -1
  setMaterialIndex2: -1
  sewing: 0
--- !u!1001 &6065623043202603394
PrefabInstance:
  m_ObjectHideFlags: 0
  serializedVersion: 2
  m_Modification:
    m_TransformParent: {fileID: 509335470087275328}
    m_Modifications:
    - target: {fileID: -927199367670048503, guid: 6dd6985733835b543a07b4b54964428b,
        type: 3}
      propertyPath: m_Name
      value: orl_2ka_2280
      objectReference: {fileID: 0}
    - target: {fileID: -927199367670048503, guid: 6dd6985733835b543a07b4b54964428b,
        type: 3}
      propertyPath: m_Layer
      value: 9
      objectReference: {fileID: 0}
    - target: {fileID: -3235510869877148157, guid: 6dd6985733835b543a07b4b54964428b,
        type: 3}
      propertyPath: m_Layer
      value: 9
      objectReference: {fileID: 0}
    - target: {fileID: -6393856323808165479, guid: 6dd6985733835b543a07b4b54964428b,
        type: 3}
      propertyPath: m_Layer
      value: 9
      objectReference: {fileID: 0}
    - target: {fileID: -3467769962667044105, guid: 6dd6985733835b543a07b4b54964428b,
        type: 3}
      propertyPath: m_Layer
      value: 9
      objectReference: {fileID: 0}
    - target: {fileID: -3467769962667044105, guid: 6dd6985733835b543a07b4b54964428b,
        type: 3}
      propertyPath: m_IsActive
      value: 0
      objectReference: {fileID: 0}
    - target: {fileID: -3173090261736765996, guid: 6dd6985733835b543a07b4b54964428b,
        type: 3}
      propertyPath: m_Layer
      value: 9
      objectReference: {fileID: 0}
    - target: {fileID: -3173090261736765996, guid: 6dd6985733835b543a07b4b54964428b,
        type: 3}
      propertyPath: m_IsActive
      value: 0
      objectReference: {fileID: 0}
    - target: {fileID: -2310357958747974624, guid: 6dd6985733835b543a07b4b54964428b,
        type: 3}
      propertyPath: m_Layer
      value: 9
      objectReference: {fileID: 0}
    - target: {fileID: -2310357958747974624, guid: 6dd6985733835b543a07b4b54964428b,
        type: 3}
      propertyPath: m_IsActive
      value: 1
      objectReference: {fileID: 0}
    - target: {fileID: 551754374286044444, guid: 6dd6985733835b543a07b4b54964428b,
        type: 3}
      propertyPath: m_Layer
      value: 9
      objectReference: {fileID: 0}
    - target: {fileID: 551754374286044444, guid: 6dd6985733835b543a07b4b54964428b,
        type: 3}
      propertyPath: m_IsActive
      value: 1
      objectReference: {fileID: 0}
    - target: {fileID: 3392568423013316387, guid: 6dd6985733835b543a07b4b54964428b,
        type: 3}
      propertyPath: m_Layer
      value: 9
      objectReference: {fileID: 0}
    - target: {fileID: -4216859302048453862, guid: 6dd6985733835b543a07b4b54964428b,
        type: 3}
      propertyPath: m_LocalPosition.x
      value: 0
      objectReference: {fileID: 0}
    - target: {fileID: -4216859302048453862, guid: 6dd6985733835b543a07b4b54964428b,
        type: 3}
      propertyPath: m_LocalPosition.y
      value: 0
      objectReference: {fileID: 0}
    - target: {fileID: -4216859302048453862, guid: 6dd6985733835b543a07b4b54964428b,
        type: 3}
      propertyPath: m_LocalPosition.z
      value: 0
      objectReference: {fileID: 0}
    - target: {fileID: -4216859302048453862, guid: 6dd6985733835b543a07b4b54964428b,
        type: 3}
      propertyPath: m_LocalRotation.x
      value: 0
      objectReference: {fileID: 0}
    - target: {fileID: -4216859302048453862, guid: 6dd6985733835b543a07b4b54964428b,
        type: 3}
      propertyPath: m_LocalRotation.y
      value: 0
      objectReference: {fileID: 0}
    - target: {fileID: -4216859302048453862, guid: 6dd6985733835b543a07b4b54964428b,
        type: 3}
      propertyPath: m_LocalRotation.z
      value: 0
      objectReference: {fileID: 0}
    - target: {fileID: -4216859302048453862, guid: 6dd6985733835b543a07b4b54964428b,
        type: 3}
      propertyPath: m_LocalRotation.w
      value: 1
      objectReference: {fileID: 0}
    - target: {fileID: -4216859302048453862, guid: 6dd6985733835b543a07b4b54964428b,
        type: 3}
      propertyPath: m_RootOrder
      value: 0
      objectReference: {fileID: 0}
    - target: {fileID: -4216859302048453862, guid: 6dd6985733835b543a07b4b54964428b,
        type: 3}
      propertyPath: m_LocalEulerAnglesHint.x
      value: 0
      objectReference: {fileID: 0}
    - target: {fileID: -4216859302048453862, guid: 6dd6985733835b543a07b4b54964428b,
        type: 3}
      propertyPath: m_LocalEulerAnglesHint.y
      value: 0
      objectReference: {fileID: 0}
    - target: {fileID: -4216859302048453862, guid: 6dd6985733835b543a07b4b54964428b,
        type: 3}
      propertyPath: m_LocalEulerAnglesHint.z
      value: 0
      objectReference: {fileID: 0}
    - target: {fileID: 529887877420082852, guid: 6dd6985733835b543a07b4b54964428b,
        type: 3}
      propertyPath: m_Materials.Array.data[0]
      value: 
      objectReference: {fileID: 2100000, guid: 2abd7b2298a510a4aa3c01245cd0c1ec, type: 2}
    - target: {fileID: 529887877420082852, guid: 6dd6985733835b543a07b4b54964428b,
        type: 3}
      propertyPath: m_Materials.Array.data[1]
      value: 
      objectReference: {fileID: 2100000, guid: 2abd7b2298a510a4aa3c01245cd0c1ec, type: 2}
    - target: {fileID: 3523695003141788706, guid: 6dd6985733835b543a07b4b54964428b,
        type: 3}
      propertyPath: m_Materials.Array.data[0]
      value: 
      objectReference: {fileID: 2100000, guid: 2abd7b2298a510a4aa3c01245cd0c1ec, type: 2}
    - target: {fileID: 4156852920291296968, guid: 6dd6985733835b543a07b4b54964428b,
        type: 3}
      propertyPath: m_Materials.Array.data[0]
      value: 
      objectReference: {fileID: 2100000, guid: 2abd7b2298a510a4aa3c01245cd0c1ec, type: 2}
    m_RemovedComponents: []
  m_SourcePrefab: {fileID: 100100000, guid: 6dd6985733835b543a07b4b54964428b, type: 3}
--- !u!4 &1249705791466402456 stripped
Transform:
  m_CorrespondingSourceObject: {fileID: -4216859302048453862, guid: 6dd6985733835b543a07b4b54964428b,
    type: 3}
  m_PrefabInstance: {fileID: 6065623043202603394}
  m_PrefabAsset: {fileID: 0}
--- !u!1 &519114644540714881 stripped
GameObject:
  m_CorrespondingSourceObject: {fileID: -3235510869877148157, guid: 6dd6985733835b543a07b4b54964428b,
    type: 3}
  m_PrefabInstance: {fileID: 6065623043202603394}
  m_PrefabAsset: {fileID: 0}
--- !u!1 &8316206267362465819 stripped
GameObject:
  m_CorrespondingSourceObject: {fileID: -6393856323808165479, guid: 6dd6985733835b543a07b4b54964428b,
    type: 3}
  m_PrefabInstance: {fileID: 6065623043202603394}
  m_PrefabAsset: {fileID: 0}
--- !u!1 &2003377886370057077 stripped
GameObject:
  m_CorrespondingSourceObject: {fileID: -3467769962667044105, guid: 6dd6985733835b543a07b4b54964428b,
    type: 3}
  m_PrefabInstance: {fileID: 6065623043202603394}
  m_PrefabAsset: {fileID: 0}
--- !u!1 &566194829993581654 stripped
GameObject:
  m_CorrespondingSourceObject: {fileID: -3173090261736765996, guid: 6dd6985733835b543a07b4b54964428b,
    type: 3}
  m_PrefabInstance: {fileID: 6065623043202603394}
  m_PrefabAsset: {fileID: 0}
--- !u!1 &847408627459771810 stripped
GameObject:
  m_CorrespondingSourceObject: {fileID: -2310357958747974624, guid: 6dd6985733835b543a07b4b54964428b,
    type: 3}
  m_PrefabInstance: {fileID: 6065623043202603394}
  m_PrefabAsset: {fileID: 0}
--- !u!1 &6018310671405790366 stripped
GameObject:
  m_CorrespondingSourceObject: {fileID: 551754374286044444, guid: 6dd6985733835b543a07b4b54964428b,
    type: 3}
  m_PrefabInstance: {fileID: 6065623043202603394}
  m_PrefabAsset: {fileID: 0}
--- !u!1 &8879338167969885857 stripped
GameObject:
  m_CorrespondingSourceObject: {fileID: 3392568423013316387, guid: 6dd6985733835b543a07b4b54964428b,
    type: 3}
  m_PrefabInstance: {fileID: 6065623043202603394}
  m_PrefabAsset: {fileID: 0}
