%YAML 1.1
%TAG !u! tag:unity3d.com,2011:
--- !u!114 &3640149389713080652
MonoBehaviour:
  m_ObjectHideFlags: 0
  m_CorrespondingSourceObject: {fileID: 0}
  m_PrefabInstance: {fileID: 0}
  m_PrefabAsset: {fileID: 0}
  m_GameObject: {fileID: 920710286120265959}
  m_Enabled: 1
  m_EditorHideFlags: 0
  m_Script: {fileID: 11500000, guid: 298df71d7d1c94f47a9df2b26686031c, type: 3}
  m_Name: 
  m_EditorClassIdentifier: 
  type: 2
  connection: l
  allowedCategories: []
  disallowedCategories: []
  partPointGUI: {fileID: 0}
  activateOnDisconnect: []
  connectedTo: {fileID: 0}
  part: {fileID: 0}
--- !u!114 &6328821516164736780
MonoBehaviour:
  m_ObjectHideFlags: 0
  m_CorrespondingSourceObject: {fileID: 0}
  m_PrefabInstance: {fileID: 0}
  m_PrefabAsset: {fileID: 0}
  m_GameObject: {fileID: 3248183400722942376}
  m_Enabled: 1
  m_EditorHideFlags: 0
  m_Script: {fileID: 11500000, guid: 816c52b73d7a1de4d8f07430f0420752, type: 3}
  m_Name: 
  m_EditorClassIdentifier: 
  partMeshType: legs
  setMaterialIndex: -1
  setMaterialIndex2: -1
--- !u!64 &2012646758684100849
MeshCollider:
  m_ObjectHideFlags: 0
  m_CorrespondingSourceObject: {fileID: 0}
  m_PrefabInstance: {fileID: 0}
  m_PrefabAsset: {fileID: 0}
  m_GameObject: {fileID: 3287080326028615537}
  m_Material: {fileID: 0}
  m_IsTrigger: 0
  m_Enabled: 1
  serializedVersion: 3
  m_Convex: 0
  m_CookingOptions: 14
  m_Mesh: {fileID: 2454767069346639997, guid: cc1f85886a1c2a044b43b6b55979ab97, type: 3}
--- !u!114 &4032757348563378582
MonoBehaviour:
  m_ObjectHideFlags: 0
  m_CorrespondingSourceObject: {fileID: 0}
  m_PrefabInstance: {fileID: 0}
  m_PrefabAsset: {fileID: 0}
  m_GameObject: {fileID: 3287080326028615537}
  m_Enabled: 1
  m_EditorHideFlags: 0
  m_Script: {fileID: 11500000, guid: 816c52b73d7a1de4d8f07430f0420752, type: 3}
  m_Name: 
  m_EditorClassIdentifier: 
  partMeshType: main
  setMaterialIndex: -1
  setMaterialIndex2: -1
--- !u!114 &1188575165219907554
MonoBehaviour:
  m_ObjectHideFlags: 0
  m_CorrespondingSourceObject: {fileID: 0}
  m_PrefabInstance: {fileID: 0}
  m_PrefabAsset: {fileID: 0}
  m_GameObject: {fileID: 5671410232312298905}
  m_Enabled: 1
  m_EditorHideFlags: 0
  m_Script: {fileID: 11500000, guid: 816c52b73d7a1de4d8f07430f0420752, type: 3}
  m_Name: 
  m_EditorClassIdentifier: 
  partMeshType: legs
  setMaterialIndex: -1
  setMaterialIndex2: -1
--- !u!114 &682849599187675402
MonoBehaviour:
  m_ObjectHideFlags: 0
  m_CorrespondingSourceObject: {fileID: 0}
  m_PrefabInstance: {fileID: 0}
  m_PrefabAsset: {fileID: 0}
  m_GameObject: {fileID: 5700996107229414945}
  m_Enabled: 1
  m_EditorHideFlags: 0
  m_Script: {fileID: 11500000, guid: 816c52b73d7a1de4d8f07430f0420752, type: 3}
  m_Name: 
  m_EditorClassIdentifier: 
  partMeshType: legs
  setMaterialIndex: -1
  setMaterialIndex2: -1
--- !u!1 &5815705965869255311
GameObject:
  m_ObjectHideFlags: 0
  m_CorrespondingSourceObject: {fileID: 0}
  m_PrefabInstance: {fileID: 0}
  m_PrefabAsset: {fileID: 0}
  serializedVersion: 6
  m_Component:
  - component: {fileID: 2138716528717435395}
  - component: {fileID: 428659450929008892}
  m_Layer: 9
  m_Name: orl_HOCKER_800x800
  m_TagString: Untagged
  m_Icon: {fileID: 0}
  m_NavMeshLayer: 0
  m_StaticEditorFlags: 0
  m_IsActive: 1
--- !u!4 &2138716528717435395
Transform:
  m_ObjectHideFlags: 0
  m_CorrespondingSourceObject: {fileID: 0}
  m_PrefabInstance: {fileID: 0}
  m_PrefabAsset: {fileID: 0}
  m_GameObject: {fileID: 5815705965869255311}
  m_LocalRotation: {x: 0, y: 1, z: 0, w: -0.00000004371139}
  m_LocalPosition: {x: 0, y: 0, z: 0}
  m_LocalScale: {x: 1, y: 1, z: 1}
  m_Children:
  - {fileID: 4223352772510735092}
  m_Father: {fileID: 0}
  m_RootOrder: 0
  m_LocalEulerAnglesHint: {x: 0, y: 0, z: 0}
--- !u!114 &428659450929008892
MonoBehaviour:
  m_ObjectHideFlags: 0
  m_CorrespondingSourceObject: {fileID: 0}
  m_PrefabInstance: {fileID: 0}
  m_PrefabAsset: {fileID: 0}
  m_GameObject: {fileID: 5815705965869255311}
  m_Enabled: 1
  m_EditorHideFlags: 0
  m_Script: {fileID: 11500000, guid: de305606890b87e42a58c187eba6fe10, type: 3}
  m_Name: 
  m_EditorClassIdentifier: 
  partName: Hocker 80x80
  partNameCombinations: []
  partDescription: 
  partCategory: hocker
  includeInDimensions: 0
  dimensions: {x: 0.8000001, y: 0.42970818, z: 0.789459}
  image: {fileID: 21300000, guid: c4d6a80b2ecf2ed439d7a6dcb2eeafd5, type: 3}
  type: 2
  partPoints:
  - {fileID: 3640149389713080652}
  canBeStandalone: 0
  sewingNames: []
  OnPartPointConnect:
    m_PersistentCalls:
      m_Calls: []
--- !u!114 &7757129165761818279
MonoBehaviour:
  m_ObjectHideFlags: 0
  m_CorrespondingSourceObject: {fileID: 0}
  m_PrefabInstance: {fileID: 0}
  m_PrefabAsset: {fileID: 0}
  m_GameObject: {fileID: 8782626610569354695}
  m_Enabled: 1
  m_EditorHideFlags: 0
  m_Script: {fileID: 11500000, guid: 816c52b73d7a1de4d8f07430f0420752, type: 3}
  m_Name: 
  m_EditorClassIdentifier: 
  partMeshType: legs
  setMaterialIndex: -1
  setMaterialIndex2: -1
--- !u!1001 &9216309009964888558
PrefabInstance:
  m_ObjectHideFlags: 0
  serializedVersion: 2
  m_Modification:
    m_TransformParent: {fileID: 2138716528717435395}
    m_Modifications:
    - target: {fileID: -927199367670048503, guid: cc1f85886a1c2a044b43b6b55979ab97,
        type: 3}
      propertyPath: m_Name
      value: orl_HOCKER_800x800
      objectReference: {fileID: 0}
    - target: {fileID: -927199367670048503, guid: cc1f85886a1c2a044b43b6b55979ab97,
        type: 3}
      propertyPath: m_Layer
      value: 9
      objectReference: {fileID: 0}
    - target: {fileID: -5669453896053093257, guid: cc1f85886a1c2a044b43b6b55979ab97,
        type: 3}
      propertyPath: m_Layer
      value: 9
      objectReference: {fileID: 0}
    - target: {fileID: 3528827559313356751, guid: cc1f85886a1c2a044b43b6b55979ab97,
        type: 3}
      propertyPath: m_Layer
      value: 9
      objectReference: {fileID: 0}
    - target: {fileID: 5977743046049609798, guid: cc1f85886a1c2a044b43b6b55979ab97,
        type: 3}
      propertyPath: m_Layer
      value: 9
      objectReference: {fileID: 0}
    - target: {fileID: -8789689018421777367, guid: cc1f85886a1c2a044b43b6b55979ab97,
        type: 3}
      propertyPath: m_Layer
      value: 9
      objectReference: {fileID: 0}
    - target: {fileID: 5942752677227933343, guid: cc1f85886a1c2a044b43b6b55979ab97,
        type: 3}
      propertyPath: m_Layer
      value: 9
      objectReference: {fileID: 0}
    - target: {fileID: -4216859302048453862, guid: cc1f85886a1c2a044b43b6b55979ab97,
        type: 3}
      propertyPath: m_LocalPosition.x
      value: 0
      objectReference: {fileID: 0}
    - target: {fileID: -4216859302048453862, guid: cc1f85886a1c2a044b43b6b55979ab97,
        type: 3}
      propertyPath: m_LocalPosition.y
      value: 0
      objectReference: {fileID: 0}
    - target: {fileID: -4216859302048453862, guid: cc1f85886a1c2a044b43b6b55979ab97,
        type: 3}
      propertyPath: m_LocalPosition.z
      value: 0
      objectReference: {fileID: 0}
    - target: {fileID: -4216859302048453862, guid: cc1f85886a1c2a044b43b6b55979ab97,
        type: 3}
      propertyPath: m_LocalRotation.x
      value: 0
      objectReference: {fileID: 0}
    - target: {fileID: -4216859302048453862, guid: cc1f85886a1c2a044b43b6b55979ab97,
        type: 3}
      propertyPath: m_LocalRotation.y
      value: 0
      objectReference: {fileID: 0}
    - target: {fileID: -4216859302048453862, guid: cc1f85886a1c2a044b43b6b55979ab97,
        type: 3}
      propertyPath: m_LocalRotation.z
      value: 0
      objectReference: {fileID: 0}
    - target: {fileID: -4216859302048453862, guid: cc1f85886a1c2a044b43b6b55979ab97,
        type: 3}
      propertyPath: m_LocalRotation.w
      value: 1
      objectReference: {fileID: 0}
    - target: {fileID: -4216859302048453862, guid: cc1f85886a1c2a044b43b6b55979ab97,
        type: 3}
      propertyPath: m_RootOrder
      value: 0
      objectReference: {fileID: 0}
    - target: {fileID: -4216859302048453862, guid: cc1f85886a1c2a044b43b6b55979ab97,
        type: 3}
      propertyPath: m_LocalEulerAnglesHint.x
      value: 0
      objectReference: {fileID: 0}
    - target: {fileID: -4216859302048453862, guid: cc1f85886a1c2a044b43b6b55979ab97,
        type: 3}
      propertyPath: m_LocalEulerAnglesHint.y
      value: 0
      objectReference: {fileID: 0}
    - target: {fileID: -4216859302048453862, guid: cc1f85886a1c2a044b43b6b55979ab97,
        type: 3}
      propertyPath: m_LocalEulerAnglesHint.z
      value: 0
      objectReference: {fileID: 0}
    - target: {fileID: -4214552045136013546, guid: cc1f85886a1c2a044b43b6b55979ab97,
        type: 3}
      propertyPath: m_Materials.Array.data[0]
      value: 
      objectReference: {fileID: 2100000, guid: ef0a40ef0c4155445bab600761bd9a08, type: 2}
    - target: {fileID: 4387827183507285307, guid: cc1f85886a1c2a044b43b6b55979ab97,
        type: 3}
      propertyPath: m_Materials.Array.data[0]
      value: 
      objectReference: {fileID: 2100000, guid: ef0a40ef0c4155445bab600761bd9a08, type: 2}
    - target: {fileID: -5109187841891221486, guid: cc1f85886a1c2a044b43b6b55979ab97,
        type: 3}
      propertyPath: m_Materials.Array.data[0]
      value: 
      objectReference: {fileID: 2100000, guid: ef0a40ef0c4155445bab600761bd9a08, type: 2}
    - target: {fileID: 3879505339612432954, guid: cc1f85886a1c2a044b43b6b55979ab97,
        type: 3}
      propertyPath: m_Materials.Array.data[0]
      value: 
      objectReference: {fileID: 2100000, guid: ef0a40ef0c4155445bab600761bd9a08, type: 2}
    - target: {fileID: 1092231771383602269, guid: cc1f85886a1c2a044b43b6b55979ab97,
        type: 3}
      propertyPath: m_Materials.Array.data[0]
      value: 
      objectReference: {fileID: 2100000, guid: 2abd7b2298a510a4aa3c01245cd0c1ec, type: 2}
    m_RemovedComponents: []
  m_SourcePrefab: {fileID: 100100000, guid: cc1f85886a1c2a044b43b6b55979ab97, type: 3}
--- !u!1 &920710286120265959 stripped
GameObject:
  m_CorrespondingSourceObject: {fileID: -927199367670048503, guid: cc1f85886a1c2a044b43b6b55979ab97,
    type: 3}
  m_PrefabInstance: {fileID: 9216309009964888558}
  m_PrefabAsset: {fileID: 0}
--- !u!4 &4223352772510735092 stripped
Transform:
  m_CorrespondingSourceObject: {fileID: -4216859302048453862, guid: cc1f85886a1c2a044b43b6b55979ab97,
    type: 3}
  m_PrefabInstance: {fileID: 9216309009964888558}
  m_PrefabAsset: {fileID: 0}
--- !u!1 &5671410232312298905 stripped
GameObject:
  m_CorrespondingSourceObject: {fileID: -5669453896053093257, guid: cc1f85886a1c2a044b43b6b55979ab97,
    type: 3}
  m_PrefabInstance: {fileID: 9216309009964888558}
  m_PrefabAsset: {fileID: 0}
--- !u!1 &5700996107229414945 stripped
GameObject:
  m_CorrespondingSourceObject: {fileID: 3528827559313356751, guid: cc1f85886a1c2a044b43b6b55979ab97,
    type: 3}
  m_PrefabInstance: {fileID: 9216309009964888558}
  m_PrefabAsset: {fileID: 0}
--- !u!1 &3248183400722942376 stripped
GameObject:
  m_CorrespondingSourceObject: {fileID: 5977743046049609798, guid: cc1f85886a1c2a044b43b6b55979ab97,
    type: 3}
  m_PrefabInstance: {fileID: 9216309009964888558}
  m_PrefabAsset: {fileID: 0}
--- !u!1 &8782626610569354695 stripped
GameObject:
  m_CorrespondingSourceObject: {fileID: -8789689018421777367, guid: cc1f85886a1c2a044b43b6b55979ab97,
    type: 3}
  m_PrefabInstance: {fileID: 9216309009964888558}
  m_PrefabAsset: {fileID: 0}
--- !u!1 &3287080326028615537 stripped
GameObject:
  m_CorrespondingSourceObject: {fileID: 5942752677227933343, guid: cc1f85886a1c2a044b43b6b55979ab97,
    type: 3}
  m_PrefabInstance: {fileID: 9216309009964888558}
  m_PrefabAsset: {fileID: 0}
