%YAML 1.1
%TAG !u! tag:unity3d.com,2011:
--- !u!64 &725449391119492145
MeshCollider:
  m_ObjectHideFlags: 0
  m_CorrespondingSourceObject: {fileID: 0}
  m_PrefabInstance: {fileID: 0}
  m_PrefabAsset: {fileID: 0}
  m_GameObject: {fileID: 387211059346761601}
  m_Material: {fileID: 0}
  m_IsTrigger: 0
  m_Enabled: 1
  serializedVersion: 3
  m_Convex: 0
  m_CookingOptions: 14
  m_Mesh: {fileID: -8199710365812389409, guid: 984149c52d4d23e47925e61fc25be151, type: 3}
--- !u!114 &2545727164427157377
MonoBehaviour:
  m_ObjectHideFlags: 0
  m_CorrespondingSourceObject: {fileID: 0}
  m_PrefabInstance: {fileID: 0}
  m_PrefabAsset: {fileID: 0}
  m_GameObject: {fileID: 387211059346761601}
  m_Enabled: 1
  m_EditorHideFlags: 0
  m_Script: {fileID: 11500000, guid: 1030b2116dfab9343be14c0d0839ab5e, type: 3}
  m_Name: 
  m_EditorClassIdentifier: 
  ActivateObject: {fileID: 8340794510093988864}
  deactivateOnStart: 0
--- !u!114 &3110698816973861878
MonoBehaviour:
  m_ObjectHideFlags: 0
  m_CorrespondingSourceObject: {fileID: 0}
  m_PrefabInstance: {fileID: 0}
  m_PrefabAsset: {fileID: 0}
  m_GameObject: {fileID: 387211059346761601}
  m_Enabled: 1
  m_EditorHideFlags: 0
  m_Script: {fileID: 11500000, guid: 816c52b73d7a1de4d8f07430f0420752, type: 3}
  m_Name: 
  m_EditorClassIdentifier: 
  partMeshType: main
  setMaterialIndex: -1
--- !u!1 &3941201162069088820
GameObject:
  m_ObjectHideFlags: 0
  m_CorrespondingSourceObject: {fileID: 0}
  m_PrefabInstance: {fileID: 0}
  m_PrefabAsset: {fileID: 0}
  serializedVersion: 6
  m_Component:
  - component: {fileID: 3878811776630828024}
  - component: {fileID: 2957397191382195132}
  m_Layer: 9
  m_Name: lezadlo 1
  m_TagString: Untagged
  m_Icon: {fileID: 0}
  m_NavMeshLayer: 0
  m_StaticEditorFlags: 0
  m_IsActive: 1
--- !u!4 &3878811776630828024
Transform:
  m_ObjectHideFlags: 0
  m_CorrespondingSourceObject: {fileID: 0}
  m_PrefabInstance: {fileID: 0}
  m_PrefabAsset: {fileID: 0}
  m_GameObject: {fileID: 3941201162069088820}
  m_LocalRotation: {x: 0, y: 1, z: 0, w: 0}
  m_LocalPosition: {x: 0, y: 0, z: 0}
  m_LocalScale: {x: 1, y: 1, z: 1}
  m_Children:
  - {fileID: 8340794510093690924}
  m_Father: {fileID: 0}
  m_RootOrder: 0
  m_LocalEulerAnglesHint: {x: 0, y: 180, z: 0}
--- !u!114 &2957397191382195132
MonoBehaviour:
  m_ObjectHideFlags: 0
  m_CorrespondingSourceObject: {fileID: 0}
  m_PrefabInstance: {fileID: 0}
  m_PrefabAsset: {fileID: 0}
  m_GameObject: {fileID: 3941201162069088820}
  m_Enabled: 1
  m_EditorHideFlags: 0
  m_Script: {fileID: 11500000, guid: de305606890b87e42a58c187eba6fe10, type: 3}
  m_Name: 
  m_EditorClassIdentifier: 
  partName: "Jednotka pred\u013A\u017Een\xE1 \u013D"
  partDescription: 
  dimensions: {x: 1, y: 0, z: 1.9}
  image: {fileID: 21300000, guid: 0a1c0d09de932204db8d5aad1ef21be8, type: 3}
  type: 0
  partPoints:
  - {fileID: 1201947304711738671}
  canBeStandalone: 1
  OnPartPointConnect:
    m_PersistentCalls:
      m_Calls: []
    m_TypeName: UnityEngine.Events.UnityEvent, UnityEngine.CoreModule, Version=0.0.0.0,
      Culture=neutral, PublicKeyToken=null
--- !u!64 &5877959151657279001
MeshCollider:
  m_ObjectHideFlags: 0
  m_CorrespondingSourceObject: {fileID: 0}
  m_PrefabInstance: {fileID: 0}
  m_PrefabAsset: {fileID: 0}
  m_GameObject: {fileID: 4140562469252025018}
  m_Material: {fileID: 0}
  m_IsTrigger: 0
  m_Enabled: 1
  serializedVersion: 3
  m_Convex: 0
  m_CookingOptions: 14
  m_Mesh: {fileID: 8461895911270436290, guid: 984149c52d4d23e47925e61fc25be151, type: 3}
--- !u!114 &6719270800117329112
MonoBehaviour:
  m_ObjectHideFlags: 0
  m_CorrespondingSourceObject: {fileID: 0}
  m_PrefabInstance: {fileID: 0}
  m_PrefabAsset: {fileID: 0}
  m_GameObject: {fileID: 4140562469252025018}
  m_Enabled: 1
  m_EditorHideFlags: 0
  m_Script: {fileID: 11500000, guid: 816c52b73d7a1de4d8f07430f0420752, type: 3}
  m_Name: 
  m_EditorClassIdentifier: 
  partMeshType: main
  setMaterialIndex: -1
--- !u!114 &7470012582899650304
MonoBehaviour:
  m_ObjectHideFlags: 0
  m_CorrespondingSourceObject: {fileID: 0}
  m_PrefabInstance: {fileID: 0}
  m_PrefabAsset: {fileID: 0}
  m_GameObject: {fileID: 4140562469252025018}
  m_Enabled: 1
  m_EditorHideFlags: 0
  m_Script: {fileID: 11500000, guid: 8ff23e8d62479ff46bcdd5e0aaed1393, type: 3}
  m_Name: 
  m_EditorClassIdentifier: 
  rotationOpen: {x: 0, y: 0, z: -25}
  rotationClosed: {x: 0, y: 0, z: 0}
  speed: 2
--- !u!64 &2778324601705172208
MeshCollider:
  m_ObjectHideFlags: 0
  m_CorrespondingSourceObject: {fileID: 0}
  m_PrefabInstance: {fileID: 0}
  m_PrefabAsset: {fileID: 0}
  m_GameObject: {fileID: 8340794510093988864}
  m_Material: {fileID: 0}
  m_IsTrigger: 0
  m_Enabled: 1
  serializedVersion: 3
  m_Convex: 0
  m_CookingOptions: 14
  m_Mesh: {fileID: 4300000, guid: 984149c52d4d23e47925e61fc25be151, type: 3}
--- !u!114 &5056007460319751611
MonoBehaviour:
  m_ObjectHideFlags: 0
  m_CorrespondingSourceObject: {fileID: 0}
  m_PrefabInstance: {fileID: 0}
  m_PrefabAsset: {fileID: 0}
  m_GameObject: {fileID: 8340794510093988864}
  m_Enabled: 1
  m_EditorHideFlags: 0
  m_Script: {fileID: 11500000, guid: 816c52b73d7a1de4d8f07430f0420752, type: 3}
  m_Name: 
  m_EditorClassIdentifier: 
  partMeshType: main
  setMaterialIndex: -1
--- !u!114 &9011224351322037672
MonoBehaviour:
  m_ObjectHideFlags: 0
  m_CorrespondingSourceObject: {fileID: 0}
  m_PrefabInstance: {fileID: 0}
  m_PrefabAsset: {fileID: 0}
  m_GameObject: {fileID: 8340794510093988864}
  m_Enabled: 1
  m_EditorHideFlags: 0
  m_Script: {fileID: 11500000, guid: 1030b2116dfab9343be14c0d0839ab5e, type: 3}
  m_Name: 
  m_EditorClassIdentifier: 
  ActivateObject: {fileID: 387211059346761601}
  deactivateOnStart: 1
--- !u!114 &8105627995281738811
MonoBehaviour:
  m_ObjectHideFlags: 0
  m_CorrespondingSourceObject: {fileID: 0}
  m_PrefabInstance: {fileID: 0}
  m_PrefabAsset: {fileID: 0}
  m_GameObject: {fileID: 8340794510093988866}
  m_Enabled: 1
  m_EditorHideFlags: 0
  m_Script: {fileID: 11500000, guid: 816c52b73d7a1de4d8f07430f0420752, type: 3}
  m_Name: 
  m_EditorClassIdentifier: 
  partMeshType: legs
  setMaterialIndex: -1
--- !u!114 &4007154612803968340
MonoBehaviour:
  m_ObjectHideFlags: 0
  m_CorrespondingSourceObject: {fileID: 0}
  m_PrefabInstance: {fileID: 0}
  m_PrefabAsset: {fileID: 0}
  m_GameObject: {fileID: 8340794510093988868}
  m_Enabled: 1
  m_EditorHideFlags: 0
  m_Script: {fileID: 11500000, guid: 816c52b73d7a1de4d8f07430f0420752, type: 3}
  m_Name: 
  m_EditorClassIdentifier: 
  partMeshType: legs
  setMaterialIndex: -1
--- !u!114 &3805428008792150338
MonoBehaviour:
  m_ObjectHideFlags: 0
  m_CorrespondingSourceObject: {fileID: 0}
  m_PrefabInstance: {fileID: 0}
  m_PrefabAsset: {fileID: 0}
  m_GameObject: {fileID: 8340794510093988870}
  m_Enabled: 1
  m_EditorHideFlags: 0
  m_Script: {fileID: 11500000, guid: 816c52b73d7a1de4d8f07430f0420752, type: 3}
  m_Name: 
  m_EditorClassIdentifier: 
  partMeshType: legs
  setMaterialIndex: -1
--- !u!114 &1234417363453559478
MonoBehaviour:
  m_ObjectHideFlags: 0
  m_CorrespondingSourceObject: {fileID: 0}
  m_PrefabInstance: {fileID: 0}
  m_PrefabAsset: {fileID: 0}
  m_GameObject: {fileID: 8340794510093988872}
  m_Enabled: 1
  m_EditorHideFlags: 0
  m_Script: {fileID: 11500000, guid: 816c52b73d7a1de4d8f07430f0420752, type: 3}
  m_Name: 
  m_EditorClassIdentifier: 
  partMeshType: legs
  setMaterialIndex: -1
--- !u!64 &8163605583281695215
MeshCollider:
  m_ObjectHideFlags: 0
  m_CorrespondingSourceObject: {fileID: 0}
  m_PrefabInstance: {fileID: 0}
  m_PrefabAsset: {fileID: 0}
  m_GameObject: {fileID: 8340794510093988874}
  m_Material: {fileID: 0}
  m_IsTrigger: 0
  m_Enabled: 1
  serializedVersion: 3
  m_Convex: 0
  m_CookingOptions: 14
  m_Mesh: {fileID: 4300004, guid: 984149c52d4d23e47925e61fc25be151, type: 3}
--- !u!114 &6527709732312634078
MonoBehaviour:
  m_ObjectHideFlags: 0
  m_CorrespondingSourceObject: {fileID: 0}
  m_PrefabInstance: {fileID: 0}
  m_PrefabAsset: {fileID: 0}
  m_GameObject: {fileID: 8340794510093988874}
  m_Enabled: 1
  m_EditorHideFlags: 0
  m_Script: {fileID: 11500000, guid: 816c52b73d7a1de4d8f07430f0420752, type: 3}
  m_Name: 
  m_EditorClassIdentifier: 
  partMeshType: main
  setMaterialIndex: -1
--- !u!114 &1201947304711738671
MonoBehaviour:
  m_ObjectHideFlags: 0
  m_CorrespondingSourceObject: {fileID: 0}
  m_PrefabInstance: {fileID: 0}
  m_PrefabAsset: {fileID: 0}
  m_GameObject: {fileID: 8340794510093988878}
  m_Enabled: 1
  m_EditorHideFlags: 0
  m_Script: {fileID: 11500000, guid: 298df71d7d1c94f47a9df2b26686031c, type: 3}
  m_Name: 
  m_EditorClassIdentifier: 
  type: 0
  connection: r
  partPointGUI: {fileID: 0}
  activateOnDisconnect:
  - {fileID: 8340794510093988866}
  connectedTo: {fileID: 0}
  part: {fileID: 0}
--- !u!1001 &8340794510094086830
PrefabInstance:
  m_ObjectHideFlags: 0
  serializedVersion: 2
  m_Modification:
    m_TransformParent: {fileID: 3878811776630828024}
    m_Modifications:
    - target: {fileID: 100002, guid: 984149c52d4d23e47925e61fc25be151, type: 3}
      propertyPath: m_Name
      value: lezadlo
      objectReference: {fileID: 0}
    - target: {fileID: 100002, guid: 984149c52d4d23e47925e61fc25be151, type: 3}
      propertyPath: m_Layer
      value: 9
      objectReference: {fileID: 0}
    - target: {fileID: 100000, guid: 984149c52d4d23e47925e61fc25be151, type: 3}
      propertyPath: m_Layer
      value: 9
      objectReference: {fileID: 0}
    - target: {fileID: 100004, guid: 984149c52d4d23e47925e61fc25be151, type: 3}
      propertyPath: m_Layer
      value: 9
      objectReference: {fileID: 0}
    - target: {fileID: -3839793900856575980, guid: 984149c52d4d23e47925e61fc25be151,
        type: 3}
      propertyPath: m_Layer
      value: 9
      objectReference: {fileID: 0}
    - target: {fileID: 100006, guid: 984149c52d4d23e47925e61fc25be151, type: 3}
      propertyPath: m_Layer
      value: 9
      objectReference: {fileID: 0}
    - target: {fileID: 100008, guid: 984149c52d4d23e47925e61fc25be151, type: 3}
      propertyPath: m_Layer
      value: 9
      objectReference: {fileID: 0}
    - target: {fileID: 100010, guid: 984149c52d4d23e47925e61fc25be151, type: 3}
      propertyPath: m_Layer
      value: 9
      objectReference: {fileID: 0}
    - target: {fileID: 100012, guid: 984149c52d4d23e47925e61fc25be151, type: 3}
      propertyPath: m_Layer
      value: 9
      objectReference: {fileID: 0}
    - target: {fileID: 100014, guid: 984149c52d4d23e47925e61fc25be151, type: 3}
      propertyPath: m_Layer
      value: 9
      objectReference: {fileID: 0}
    - target: {fileID: -675590511106927313, guid: 984149c52d4d23e47925e61fc25be151,
        type: 3}
      propertyPath: m_Layer
      value: 9
      objectReference: {fileID: 0}
    - target: {fileID: 400002, guid: 984149c52d4d23e47925e61fc25be151, type: 3}
      propertyPath: m_LocalPosition.x
      value: 0
      objectReference: {fileID: 0}
    - target: {fileID: 400002, guid: 984149c52d4d23e47925e61fc25be151, type: 3}
      propertyPath: m_LocalPosition.y
      value: 0
      objectReference: {fileID: 0}
    - target: {fileID: 400002, guid: 984149c52d4d23e47925e61fc25be151, type: 3}
      propertyPath: m_LocalPosition.z
      value: 0
      objectReference: {fileID: 0}
    - target: {fileID: 400002, guid: 984149c52d4d23e47925e61fc25be151, type: 3}
      propertyPath: m_LocalRotation.x
      value: 0
      objectReference: {fileID: 0}
    - target: {fileID: 400002, guid: 984149c52d4d23e47925e61fc25be151, type: 3}
      propertyPath: m_LocalRotation.y
      value: 0
      objectReference: {fileID: 0}
    - target: {fileID: 400002, guid: 984149c52d4d23e47925e61fc25be151, type: 3}
      propertyPath: m_LocalRotation.z
      value: 0
      objectReference: {fileID: 0}
    - target: {fileID: 400002, guid: 984149c52d4d23e47925e61fc25be151, type: 3}
      propertyPath: m_LocalRotation.w
      value: 1
      objectReference: {fileID: 0}
    - target: {fileID: 400002, guid: 984149c52d4d23e47925e61fc25be151, type: 3}
      propertyPath: m_RootOrder
      value: 0
      objectReference: {fileID: 0}
    - target: {fileID: 400002, guid: 984149c52d4d23e47925e61fc25be151, type: 3}
      propertyPath: m_LocalEulerAnglesHint.x
      value: 0
      objectReference: {fileID: 0}
    - target: {fileID: 400002, guid: 984149c52d4d23e47925e61fc25be151, type: 3}
      propertyPath: m_LocalEulerAnglesHint.y
      value: 0
      objectReference: {fileID: 0}
    - target: {fileID: 400002, guid: 984149c52d4d23e47925e61fc25be151, type: 3}
      propertyPath: m_LocalEulerAnglesHint.z
      value: 0
      objectReference: {fileID: 0}
    - target: {fileID: 400002, guid: 984149c52d4d23e47925e61fc25be151, type: 3}
      propertyPath: m_LocalScale.x
      value: -1
      objectReference: {fileID: 0}
    m_RemovedComponents: []
  m_SourcePrefab: {fileID: 100100000, guid: 984149c52d4d23e47925e61fc25be151, type: 3}
--- !u!4 &8340794510093690924 stripped
Transform:
  m_CorrespondingSourceObject: {fileID: 400002, guid: 984149c52d4d23e47925e61fc25be151,
    type: 3}
  m_PrefabInstance: {fileID: 8340794510094086830}
  m_PrefabAsset: {fileID: 0}
--- !u!1 &8340794510093988878 stripped
GameObject:
  m_CorrespondingSourceObject: {fileID: 100000, guid: 984149c52d4d23e47925e61fc25be151,
    type: 3}
  m_PrefabInstance: {fileID: 8340794510094086830}
  m_PrefabAsset: {fileID: 0}
--- !u!1 &8340794510093988874 stripped
GameObject:
  m_CorrespondingSourceObject: {fileID: 100004, guid: 984149c52d4d23e47925e61fc25be151,
    type: 3}
  m_PrefabInstance: {fileID: 8340794510094086830}
  m_PrefabAsset: {fileID: 0}
--- !u!1 &4140562469252025018 stripped
GameObject:
  m_CorrespondingSourceObject: {fileID: -3839793900856575980, guid: 984149c52d4d23e47925e61fc25be151,
    type: 3}
  m_PrefabInstance: {fileID: 8340794510094086830}
  m_PrefabAsset: {fileID: 0}
--- !u!1 &8340794510093988872 stripped
GameObject:
  m_CorrespondingSourceObject: {fileID: 100006, guid: 984149c52d4d23e47925e61fc25be151,
    type: 3}
  m_PrefabInstance: {fileID: 8340794510094086830}
  m_PrefabAsset: {fileID: 0}
--- !u!1 &8340794510093988870 stripped
GameObject:
  m_CorrespondingSourceObject: {fileID: 100008, guid: 984149c52d4d23e47925e61fc25be151,
    type: 3}
  m_PrefabInstance: {fileID: 8340794510094086830}
  m_PrefabAsset: {fileID: 0}
--- !u!1 &8340794510093988868 stripped
GameObject:
  m_CorrespondingSourceObject: {fileID: 100010, guid: 984149c52d4d23e47925e61fc25be151,
    type: 3}
  m_PrefabInstance: {fileID: 8340794510094086830}
  m_PrefabAsset: {fileID: 0}
--- !u!1 &8340794510093988866 stripped
GameObject:
  m_CorrespondingSourceObject: {fileID: 100012, guid: 984149c52d4d23e47925e61fc25be151,
    type: 3}
  m_PrefabInstance: {fileID: 8340794510094086830}
  m_PrefabAsset: {fileID: 0}
--- !u!1 &8340794510093988864 stripped
GameObject:
  m_CorrespondingSourceObject: {fileID: 100014, guid: 984149c52d4d23e47925e61fc25be151,
    type: 3}
  m_PrefabInstance: {fileID: 8340794510094086830}
  m_PrefabAsset: {fileID: 0}
--- !u!1 &387211059346761601 stripped
GameObject:
  m_CorrespondingSourceObject: {fileID: -675590511106927313, guid: 984149c52d4d23e47925e61fc25be151,
    type: 3}
  m_PrefabInstance: {fileID: 8340794510094086830}
  m_PrefabAsset: {fileID: 0}
