%YAML 1.1
%TAG !u! tag:unity3d.com,2011:
--- !u!114 &7986325463701333883
MonoBehaviour:
  m_ObjectHideFlags: 0
  m_CorrespondingSourceObject: {fileID: 0}
  m_PrefabInstance: {fileID: 0}
  m_PrefabAsset: {fileID: 0}
  m_GameObject: {fileID: 181590964016022853}
  m_Enabled: 1
  m_EditorHideFlags: 0
  m_Script: {fileID: 11500000, guid: 816c52b73d7a1de4d8f07430f0420752, type: 3}
  m_Name: 
  m_EditorClassIdentifier: 
  partMeshType: legs
  setMaterialIndex: -1
  setMaterialIndex2: -1
  sewing: 0
--- !u!1 &779502365821462739
GameObject:
  m_ObjectHideFlags: 0
  m_CorrespondingSourceObject: {fileID: 0}
  m_PrefabInstance: {fileID: 0}
  m_PrefabAsset: {fileID: 0}
  serializedVersion: 6
  m_Component:
  - component: {fileID: 3005220599943859371}
  - component: {fileID: 2003105631022390703}
  m_Layer: 9
  m_Name: LEZADLO 970x2235_V2
  m_TagString: Untagged
  m_Icon: {fileID: 0}
  m_NavMeshLayer: 0
  m_StaticEditorFlags: 0
  m_IsActive: 1
--- !u!4 &3005220599943859371
Transform:
  m_ObjectHideFlags: 0
  m_CorrespondingSourceObject: {fileID: 0}
  m_PrefabInstance: {fileID: 0}
  m_PrefabAsset: {fileID: 0}
  m_GameObject: {fileID: 779502365821462739}
  m_LocalRotation: {x: 0, y: 1, z: 0, w: 0}
  m_LocalPosition: {x: 0, y: 0, z: 0}
  m_LocalScale: {x: 1, y: 1, z: 1}
  m_Children:
  - {fileID: 7348061199437290329}
  m_Father: {fileID: 0}
  m_RootOrder: 0
  m_LocalEulerAnglesHint: {x: 0, y: 180, z: 0}
--- !u!114 &2003105631022390703
MonoBehaviour:
  m_ObjectHideFlags: 0
  m_CorrespondingSourceObject: {fileID: 0}
  m_PrefabInstance: {fileID: 0}
  m_PrefabAsset: {fileID: 0}
  m_GameObject: {fileID: 779502365821462739}
  m_Enabled: 1
  m_EditorHideFlags: 0
  m_Script: {fileID: 11500000, guid: de305606890b87e42a58c187eba6fe10, type: 3}
  m_Name: 
  m_EditorClassIdentifier: 
  partName: "Ottoman ve\u013Ek\xFD"
  partNameCombinations: []
  partDescription: 
  partCategory: ottoman
  includeInDimensions: 1
  dimensions: {x: 1.0355417, y: 0.8875772, z: 2.2762203}
  image: {fileID: 21300000, guid: 488549f04e17a084087fe320bc8fe1ad, type: 3}
  type: 0
  partPoints:
  - {fileID: 7788312055282720753}
  canBeStandalone: 1
  sewingNames: []
  OnPartPointConnect:
    m_PersistentCalls:
      m_Calls: []
  possibleOptionalFunctions:
  - {fileID: 11400000, guid: dcb8bd2b1c4d2414d800ea4eaf01462a, type: 2}
  selectedOptionalFunction: {fileID: 0}
--- !u!114 &489722583292362630
MonoBehaviour:
  m_ObjectHideFlags: 0
  m_CorrespondingSourceObject: {fileID: 0}
  m_PrefabInstance: {fileID: 0}
  m_PrefabAsset: {fileID: 0}
  m_GameObject: {fileID: 8515835529738826032}
  m_Enabled: 1
  m_EditorHideFlags: 0
  m_Script: {fileID: 11500000, guid: 8ff23e8d62479ff46bcdd5e0aaed1393, type: 3}
  m_Name: 
  m_EditorClassIdentifier: 
  rotationOpen: {x: 65, y: 0, z: 0}
  rotationClosed: {x: 0, y: 0, z: 0}
  positionOpen: {x: 0, y: 0, z: 0}
  positionClosed: {x: 0, y: 0, z: 0}
  speed: 2
  connectedObject: {fileID: 0}
--- !u!114 &3497775987160272290
MonoBehaviour:
  m_ObjectHideFlags: 0
  m_CorrespondingSourceObject: {fileID: 0}
  m_PrefabInstance: {fileID: 0}
  m_PrefabAsset: {fileID: 0}
  m_GameObject: {fileID: 5713956025093018118}
  m_Enabled: 1
  m_EditorHideFlags: 0
  m_Script: {fileID: 11500000, guid: 8ff23e8d62479ff46bcdd5e0aaed1393, type: 3}
  m_Name: 
  m_EditorClassIdentifier: 
  rotationOpen: {x: 65, y: 0, z: 0}
  rotationClosed: {x: 0, y: 0, z: 0}
  positionOpen: {x: 0, y: 0, z: 0}
  positionClosed: {x: 0, y: 0, z: 0}
  speed: 2
  connectedObject: {fileID: 0}
--- !u!64 &1226501695928304544
MeshCollider:
  m_ObjectHideFlags: 0
  m_CorrespondingSourceObject: {fileID: 0}
  m_PrefabInstance: {fileID: 0}
  m_PrefabAsset: {fileID: 0}
  m_GameObject: {fileID: 5441391126572250872}
  m_Material: {fileID: 0}
  m_IsTrigger: 0
  m_Enabled: 1
  serializedVersion: 3
  m_Convex: 0
  m_CookingOptions: 14
  m_Mesh: {fileID: 4428581730417611831, guid: bbb746fd3fde9ee4fb60e25a53651c92, type: 3}
--- !u!114 &6317132724096317585
MonoBehaviour:
  m_ObjectHideFlags: 0
  m_CorrespondingSourceObject: {fileID: 0}
  m_PrefabInstance: {fileID: 0}
  m_PrefabAsset: {fileID: 0}
  m_GameObject: {fileID: 5441391126572250872}
  m_Enabled: 1
  m_EditorHideFlags: 0
  m_Script: {fileID: 11500000, guid: 816c52b73d7a1de4d8f07430f0420752, type: 3}
  m_Name: 
  m_EditorClassIdentifier: 
  partMeshType: main
  setMaterialIndex: -1
  setMaterialIndex2: -1
  sewing: 0
--- !u!114 &6755964162647781229
MonoBehaviour:
  m_ObjectHideFlags: 0
  m_CorrespondingSourceObject: {fileID: 0}
  m_PrefabInstance: {fileID: 0}
  m_PrefabAsset: {fileID: 0}
  m_GameObject: {fileID: 5441391126572250872}
  m_Enabled: 1
  m_EditorHideFlags: 0
  m_Script: {fileID: 11500000, guid: 8ff23e8d62479ff46bcdd5e0aaed1393, type: 3}
  m_Name: 
  m_EditorClassIdentifier: 
  rotationOpen: {x: 65, y: 90, z: 0}
  rotationClosed: {x: 0, y: 90, z: 0}
  positionOpen: {x: 0, y: 0, z: 0}
  positionClosed: {x: 0, y: 0, z: 0}
  speed: 2
  connectedObject: {fileID: 0}
--- !u!114 &518975320032291021
MonoBehaviour:
  m_ObjectHideFlags: 0
  m_CorrespondingSourceObject: {fileID: 0}
  m_PrefabInstance: {fileID: 0}
  m_PrefabAsset: {fileID: 0}
  m_GameObject: {fileID: 5764001916435682330}
  m_Enabled: 1
  m_EditorHideFlags: 0
  m_Script: {fileID: 11500000, guid: 816c52b73d7a1de4d8f07430f0420752, type: 3}
  m_Name: 
  m_EditorClassIdentifier: 
  partMeshType: legs2
  setMaterialIndex: -1
  setMaterialIndex2: -1
  sewing: 0
--- !u!114 &6230001580621160780
MonoBehaviour:
  m_ObjectHideFlags: 0
  m_CorrespondingSourceObject: {fileID: 0}
  m_PrefabInstance: {fileID: 0}
  m_PrefabAsset: {fileID: 0}
  m_GameObject: {fileID: 7662969749009577945}
  m_Enabled: 1
  m_EditorHideFlags: 0
  m_Script: {fileID: 11500000, guid: 816c52b73d7a1de4d8f07430f0420752, type: 3}
  m_Name: 
  m_EditorClassIdentifier: 
  partMeshType: legs
  setMaterialIndex: -1
  setMaterialIndex2: -1
  sewing: 0
--- !u!114 &7788312055282720753
MonoBehaviour:
  m_ObjectHideFlags: 0
  m_CorrespondingSourceObject: {fileID: 0}
  m_PrefabInstance: {fileID: 0}
  m_PrefabAsset: {fileID: 0}
  m_GameObject: {fileID: 4498805758588051524}
  m_Enabled: 1
  m_EditorHideFlags: 0
  m_Script: {fileID: 11500000, guid: 298df71d7d1c94f47a9df2b26686031c, type: 3}
  m_Name: 
  m_EditorClassIdentifier: 
  type: 0
  connection: l
  allowedCategories: []
  disallowedCategories: []
  partPointGUI: {fileID: 0}
  activateOnDisconnect: []
  connectedTo: {fileID: 0}
  part: {fileID: 0}
--- !u!114 &4331510868489129512
MonoBehaviour:
  m_ObjectHideFlags: 0
  m_CorrespondingSourceObject: {fileID: 0}
  m_PrefabInstance: {fileID: 0}
  m_PrefabAsset: {fileID: 0}
  m_GameObject: {fileID: 5739572097953761258}
  m_Enabled: 1
  m_EditorHideFlags: 0
  m_Script: {fileID: 11500000, guid: 816c52b73d7a1de4d8f07430f0420752, type: 3}
  m_Name: 
  m_EditorClassIdentifier: 
  partMeshType: legs
  setMaterialIndex: -1
  setMaterialIndex2: -1
  sewing: 0
--- !u!114 &8992247433537744433
MonoBehaviour:
  m_ObjectHideFlags: 0
  m_CorrespondingSourceObject: {fileID: 0}
  m_PrefabInstance: {fileID: 0}
  m_PrefabAsset: {fileID: 0}
  m_GameObject: {fileID: 6727061879513900693}
  m_Enabled: 1
  m_EditorHideFlags: 0
  m_Script: {fileID: 11500000, guid: 816c52b73d7a1de4d8f07430f0420752, type: 3}
  m_Name: 
  m_EditorClassIdentifier: 
  partMeshType: legs
  setMaterialIndex: -1
  setMaterialIndex2: -1
  sewing: 0
--- !u!114 &5414250663046672291
MonoBehaviour:
  m_ObjectHideFlags: 0
  m_CorrespondingSourceObject: {fileID: 0}
  m_PrefabInstance: {fileID: 0}
  m_PrefabAsset: {fileID: 0}
  m_GameObject: {fileID: 4629732501713395007}
  m_Enabled: 1
  m_EditorHideFlags: 0
  m_Script: {fileID: 11500000, guid: 816c52b73d7a1de4d8f07430f0420752, type: 3}
  m_Name: 
  m_EditorClassIdentifier: 
  partMeshType: legs2
  setMaterialIndex: -1
  setMaterialIndex2: -1
  sewing: 0
--- !u!114 &5523340602097226479
MonoBehaviour:
  m_ObjectHideFlags: 0
  m_CorrespondingSourceObject: {fileID: 0}
  m_PrefabInstance: {fileID: 0}
  m_PrefabAsset: {fileID: 0}
  m_GameObject: {fileID: 6923857421180669262}
  m_Enabled: 1
  m_EditorHideFlags: 0
  m_Script: {fileID: 11500000, guid: 816c52b73d7a1de4d8f07430f0420752, type: 3}
  m_Name: 
  m_EditorClassIdentifier: 
  partMeshType: legs2
  setMaterialIndex: -1
  setMaterialIndex2: -1
  sewing: 0
--- !u!64 &5468727166978714941
MeshCollider:
  m_ObjectHideFlags: 0
  m_CorrespondingSourceObject: {fileID: 0}
  m_PrefabInstance: {fileID: 0}
  m_PrefabAsset: {fileID: 0}
  m_GameObject: {fileID: 5470604441881682652}
  m_Material: {fileID: 0}
  m_IsTrigger: 0
  m_Enabled: 1
  serializedVersion: 3
  m_Convex: 0
  m_CookingOptions: 14
  m_Mesh: {fileID: 8549499929743948840, guid: bbb746fd3fde9ee4fb60e25a53651c92, type: 3}
--- !u!114 &766623555673233073
MonoBehaviour:
  m_ObjectHideFlags: 0
  m_CorrespondingSourceObject: {fileID: 0}
  m_PrefabInstance: {fileID: 0}
  m_PrefabAsset: {fileID: 0}
  m_GameObject: {fileID: 5470604441881682652}
  m_Enabled: 1
  m_EditorHideFlags: 0
  m_Script: {fileID: 11500000, guid: 8ff23e8d62479ff46bcdd5e0aaed1393, type: 3}
  m_Name: 
  m_EditorClassIdentifier: 
  rotationOpen: {x: 65, y: 90, z: 0}
  rotationClosed: {x: 0, y: 90, z: 0}
  positionOpen: {x: 0, y: 0, z: 0}
  positionClosed: {x: 0, y: 0, z: 0}
  speed: 2
  connectedObject: {fileID: 0}
--- !u!114 &5631632446934855610
MonoBehaviour:
  m_ObjectHideFlags: 0
  m_CorrespondingSourceObject: {fileID: 0}
  m_PrefabInstance: {fileID: 0}
  m_PrefabAsset: {fileID: 0}
  m_GameObject: {fileID: 5470604441881682652}
  m_Enabled: 1
  m_EditorHideFlags: 0
  m_Script: {fileID: 11500000, guid: 816c52b73d7a1de4d8f07430f0420752, type: 3}
  m_Name: 
  m_EditorClassIdentifier: 
  partMeshType: main
  setMaterialIndex: -1
  setMaterialIndex2: -1
  sewing: 0
--- !u!64 &4820556232347525566
MeshCollider:
  m_ObjectHideFlags: 0
  m_CorrespondingSourceObject: {fileID: 0}
  m_PrefabInstance: {fileID: 0}
  m_PrefabAsset: {fileID: 0}
  m_GameObject: {fileID: 8980229939221858209}
  m_Material: {fileID: 0}
  m_IsTrigger: 0
  m_Enabled: 1
  serializedVersion: 3
  m_Convex: 0
  m_CookingOptions: 14
  m_Mesh: {fileID: -5794162715395213998, guid: bbb746fd3fde9ee4fb60e25a53651c92, type: 3}
--- !u!114 &3711167993720122901
MonoBehaviour:
  m_ObjectHideFlags: 0
  m_CorrespondingSourceObject: {fileID: 0}
  m_PrefabInstance: {fileID: 0}
  m_PrefabAsset: {fileID: 0}
  m_GameObject: {fileID: 8980229939221858209}
  m_Enabled: 1
  m_EditorHideFlags: 0
  m_Script: {fileID: 11500000, guid: 816c52b73d7a1de4d8f07430f0420752, type: 3}
  m_Name: 
  m_EditorClassIdentifier: 
  partMeshType: main
  setMaterialIndex: -1
  setMaterialIndex2: -1
  sewing: 0
--- !u!114 &3173625014939684250
MonoBehaviour:
  m_ObjectHideFlags: 0
  m_CorrespondingSourceObject: {fileID: 0}
  m_PrefabInstance: {fileID: 0}
  m_PrefabAsset: {fileID: 0}
  m_GameObject: {fileID: 623142808325987817}
  m_Enabled: 1
  m_EditorHideFlags: 0
  m_Script: {fileID: 11500000, guid: 8ff23e8d62479ff46bcdd5e0aaed1393, type: 3}
  m_Name: 
  m_EditorClassIdentifier: 
  rotationOpen: {x: 65, y: 0, z: 0}
  rotationClosed: {x: 0, y: 0, z: 0}
  positionOpen: {x: 0, y: 0, z: 0}
  positionClosed: {x: 0, y: 0, z: 0}
  speed: 2
  connectedObject: {fileID: 0}
--- !u!114 &5721984442912990958
MonoBehaviour:
  m_ObjectHideFlags: 0
  m_CorrespondingSourceObject: {fileID: 0}
  m_PrefabInstance: {fileID: 0}
  m_PrefabAsset: {fileID: 0}
  m_GameObject: {fileID: 8952363161390768234}
  m_Enabled: 1
  m_EditorHideFlags: 0
  m_Script: {fileID: 11500000, guid: 816c52b73d7a1de4d8f07430f0420752, type: 3}
  m_Name: 
  m_EditorClassIdentifier: 
  partMeshType: legs2
  setMaterialIndex: -1
  setMaterialIndex2: -1
  sewing: 0
--- !u!64 &8226433518578211664
MeshCollider:
  m_ObjectHideFlags: 0
  m_CorrespondingSourceObject: {fileID: 0}
  m_PrefabInstance: {fileID: 0}
  m_PrefabAsset: {fileID: 0}
  m_GameObject: {fileID: 5107460799290851946}
  m_Material: {fileID: 0}
  m_IsTrigger: 0
  m_Enabled: 1
  serializedVersion: 3
  m_Convex: 0
  m_CookingOptions: 14
  m_Mesh: {fileID: -4131592288741712871, guid: bbb746fd3fde9ee4fb60e25a53651c92, type: 3}
--- !u!114 &3972025585581607568
MonoBehaviour:
  m_ObjectHideFlags: 0
  m_CorrespondingSourceObject: {fileID: 0}
  m_PrefabInstance: {fileID: 0}
  m_PrefabAsset: {fileID: 0}
  m_GameObject: {fileID: 5107460799290851946}
  m_Enabled: 1
  m_EditorHideFlags: 0
  m_Script: {fileID: 11500000, guid: 816c52b73d7a1de4d8f07430f0420752, type: 3}
  m_Name: 
  m_EditorClassIdentifier: 
  partMeshType: main
  setMaterialIndex: -1
  setMaterialIndex2: -1
  sewing: 0
--- !u!114 &7852054557560446013
MonoBehaviour:
  m_ObjectHideFlags: 0
  m_CorrespondingSourceObject: {fileID: 0}
  m_PrefabInstance: {fileID: 0}
  m_PrefabAsset: {fileID: 0}
  m_GameObject: {fileID: 5107460799290851946}
  m_Enabled: 1
  m_EditorHideFlags: 0
  m_Script: {fileID: 11500000, guid: 8ff23e8d62479ff46bcdd5e0aaed1393, type: 3}
  m_Name: 
  m_EditorClassIdentifier: 
  rotationOpen: {x: 65, y: 0, z: 0}
  rotationClosed: {x: 0, y: 0, z: 0}
  positionOpen: {x: 0, y: 0, z: 0}
  positionClosed: {x: 0, y: 0, z: 0}
  speed: 2
  connectedObject: {fileID: 0}
--- !u!1001 &2342780501822271555
PrefabInstance:
  m_ObjectHideFlags: 0
  serializedVersion: 2
  m_Modification:
    m_TransformParent: {fileID: 3005220599943859371}
    m_Modifications:
    - target: {fileID: -927199367670048503, guid: bbb746fd3fde9ee4fb60e25a53651c92,
        type: 3}
      propertyPath: m_Name
      value: LEZADLO 970x2235_V2
      objectReference: {fileID: 0}
    - target: {fileID: -927199367670048503, guid: bbb746fd3fde9ee4fb60e25a53651c92,
        type: 3}
      propertyPath: m_Layer
      value: 9
      objectReference: {fileID: 0}
    - target: {fileID: 2228651195697500167, guid: bbb746fd3fde9ee4fb60e25a53651c92,
        type: 3}
      propertyPath: m_Layer
      value: 9
      objectReference: {fileID: 0}
    - target: {fileID: -1845804056486530519, guid: bbb746fd3fde9ee4fb60e25a53651c92,
        type: 3}
      propertyPath: m_Layer
      value: 9
      objectReference: {fileID: 0}
    - target: {fileID: 2893249816573242794, guid: bbb746fd3fde9ee4fb60e25a53651c92,
        type: 3}
      propertyPath: m_IsActive
      value: 0
      objectReference: {fileID: 0}
    - target: {fileID: 7710318771941852859, guid: bbb746fd3fde9ee4fb60e25a53651c92,
        type: 3}
      propertyPath: m_Layer
      value: 9
      objectReference: {fileID: 0}
    - target: {fileID: -2977608056928976525, guid: bbb746fd3fde9ee4fb60e25a53651c92,
        type: 3}
      propertyPath: m_IsActive
      value: 0
      objectReference: {fileID: 0}
    - target: {fileID: -1483857233214451041, guid: bbb746fd3fde9ee4fb60e25a53651c92,
        type: 3}
      propertyPath: m_Layer
      value: 9
      objectReference: {fileID: 0}
    - target: {fileID: -1166653515577384379, guid: bbb746fd3fde9ee4fb60e25a53651c92,
        type: 3}
      propertyPath: m_IsActive
      value: 0
      objectReference: {fileID: 0}
    - target: {fileID: 6639174433883191266, guid: bbb746fd3fde9ee4fb60e25a53651c92,
        type: 3}
      propertyPath: m_Layer
      value: 9
      objectReference: {fileID: 0}
    - target: {fileID: -1769780131940474633, guid: bbb746fd3fde9ee4fb60e25a53651c92,
        type: 3}
      propertyPath: m_IsActive
      value: 0
      objectReference: {fileID: 0}
    - target: {fileID: 8034108649628640345, guid: bbb746fd3fde9ee4fb60e25a53651c92,
        type: 3}
      propertyPath: m_IsActive
      value: 0
      objectReference: {fileID: 0}
    - target: {fileID: 6682801614139330601, guid: bbb746fd3fde9ee4fb60e25a53651c92,
        type: 3}
      propertyPath: m_IsActive
      value: 0
      objectReference: {fileID: 0}
    - target: {fileID: -2250912119167455876, guid: bbb746fd3fde9ee4fb60e25a53651c92,
        type: 3}
      propertyPath: m_IsActive
      value: 0
      objectReference: {fileID: 0}
    - target: {fileID: -4569673851511833331, guid: bbb746fd3fde9ee4fb60e25a53651c92,
        type: 3}
      propertyPath: m_IsActive
      value: 0
      objectReference: {fileID: 0}
    - target: {fileID: -3560051098838150131, guid: bbb746fd3fde9ee4fb60e25a53651c92,
        type: 3}
      propertyPath: m_IsActive
      value: 0
      objectReference: {fileID: 0}
    - target: {fileID: -9070891720311984937, guid: bbb746fd3fde9ee4fb60e25a53651c92,
        type: 3}
      propertyPath: m_IsActive
      value: 0
      objectReference: {fileID: 0}
    - target: {fileID: -7403757947983766175, guid: bbb746fd3fde9ee4fb60e25a53651c92,
        type: 3}
      propertyPath: m_IsActive
      value: 0
      objectReference: {fileID: 0}
    - target: {fileID: -8856172081025159645, guid: bbb746fd3fde9ee4fb60e25a53651c92,
        type: 3}
      propertyPath: m_IsActive
      value: 0
      objectReference: {fileID: 0}
    - target: {fileID: -6771691518399122170, guid: bbb746fd3fde9ee4fb60e25a53651c92,
        type: 3}
      propertyPath: m_Layer
      value: 9
      objectReference: {fileID: 0}
    - target: {fileID: -3829348212719466598, guid: bbb746fd3fde9ee4fb60e25a53651c92,
        type: 3}
      propertyPath: m_Layer
      value: 9
      objectReference: {fileID: 0}
    - target: {fileID: 8008583340566575017, guid: bbb746fd3fde9ee4fb60e25a53651c92,
        type: 3}
      propertyPath: m_Layer
      value: 9
      objectReference: {fileID: 0}
    - target: {fileID: 9068113673765820118, guid: bbb746fd3fde9ee4fb60e25a53651c92,
        type: 3}
      propertyPath: m_Layer
      value: 9
      objectReference: {fileID: 0}
    - target: {fileID: -4216859302048453862, guid: bbb746fd3fde9ee4fb60e25a53651c92,
        type: 3}
      propertyPath: m_LocalPosition.x
      value: 0
      objectReference: {fileID: 0}
    - target: {fileID: -4216859302048453862, guid: bbb746fd3fde9ee4fb60e25a53651c92,
        type: 3}
      propertyPath: m_LocalPosition.y
      value: 0
      objectReference: {fileID: 0}
    - target: {fileID: -4216859302048453862, guid: bbb746fd3fde9ee4fb60e25a53651c92,
        type: 3}
      propertyPath: m_LocalPosition.z
      value: 0
      objectReference: {fileID: 0}
    - target: {fileID: -4216859302048453862, guid: bbb746fd3fde9ee4fb60e25a53651c92,
        type: 3}
      propertyPath: m_LocalRotation.x
      value: 0
      objectReference: {fileID: 0}
    - target: {fileID: -4216859302048453862, guid: bbb746fd3fde9ee4fb60e25a53651c92,
        type: 3}
      propertyPath: m_LocalRotation.y
      value: 0
      objectReference: {fileID: 0}
    - target: {fileID: -4216859302048453862, guid: bbb746fd3fde9ee4fb60e25a53651c92,
        type: 3}
      propertyPath: m_LocalRotation.z
      value: 0
      objectReference: {fileID: 0}
    - target: {fileID: -4216859302048453862, guid: bbb746fd3fde9ee4fb60e25a53651c92,
        type: 3}
      propertyPath: m_LocalRotation.w
      value: 1
      objectReference: {fileID: 0}
    - target: {fileID: -4216859302048453862, guid: bbb746fd3fde9ee4fb60e25a53651c92,
        type: 3}
      propertyPath: m_RootOrder
      value: 0
      objectReference: {fileID: 0}
    - target: {fileID: -4216859302048453862, guid: bbb746fd3fde9ee4fb60e25a53651c92,
        type: 3}
      propertyPath: m_LocalEulerAnglesHint.x
      value: 0
      objectReference: {fileID: 0}
    - target: {fileID: -4216859302048453862, guid: bbb746fd3fde9ee4fb60e25a53651c92,
        type: 3}
      propertyPath: m_LocalEulerAnglesHint.y
      value: 0
      objectReference: {fileID: 0}
    - target: {fileID: -4216859302048453862, guid: bbb746fd3fde9ee4fb60e25a53651c92,
        type: 3}
      propertyPath: m_LocalEulerAnglesHint.z
      value: 0
      objectReference: {fileID: 0}
    - target: {fileID: 5261500532205562306, guid: bbb746fd3fde9ee4fb60e25a53651c92,
        type: 3}
      propertyPath: m_LocalRotation.x
      value: 0
      objectReference: {fileID: 0}
    - target: {fileID: 5261500532205562306, guid: bbb746fd3fde9ee4fb60e25a53651c92,
        type: 3}
      propertyPath: m_LocalRotation.y
      value: 0.7071068
      objectReference: {fileID: 0}
    - target: {fileID: 5261500532205562306, guid: bbb746fd3fde9ee4fb60e25a53651c92,
        type: 3}
      propertyPath: m_LocalRotation.z
      value: 0
      objectReference: {fileID: 0}
    - target: {fileID: 5261500532205562306, guid: bbb746fd3fde9ee4fb60e25a53651c92,
        type: 3}
      propertyPath: m_LocalRotation.w
      value: 0.7071068
      objectReference: {fileID: 0}
    - target: {fileID: 5261500532205562306, guid: bbb746fd3fde9ee4fb60e25a53651c92,
        type: 3}
      propertyPath: m_LocalEulerAnglesHint.y
      value: 90
      objectReference: {fileID: 0}
    - target: {fileID: 5538080963110047897, guid: bbb746fd3fde9ee4fb60e25a53651c92,
        type: 3}
      propertyPath: m_LocalRotation.x
      value: 0
      objectReference: {fileID: 0}
    - target: {fileID: 5538080963110047897, guid: bbb746fd3fde9ee4fb60e25a53651c92,
        type: 3}
      propertyPath: m_LocalRotation.y
      value: 0.7071068
      objectReference: {fileID: 0}
    - target: {fileID: 5538080963110047897, guid: bbb746fd3fde9ee4fb60e25a53651c92,
        type: 3}
      propertyPath: m_LocalRotation.z
      value: 0
      objectReference: {fileID: 0}
    - target: {fileID: 5538080963110047897, guid: bbb746fd3fde9ee4fb60e25a53651c92,
        type: 3}
      propertyPath: m_LocalRotation.w
      value: 0.70710677
      objectReference: {fileID: 0}
    - target: {fileID: 5538080963110047897, guid: bbb746fd3fde9ee4fb60e25a53651c92,
        type: 3}
      propertyPath: m_LocalEulerAnglesHint.x
      value: 0
      objectReference: {fileID: 0}
    - target: {fileID: 5538080963110047897, guid: bbb746fd3fde9ee4fb60e25a53651c92,
        type: 3}
      propertyPath: m_LocalEulerAnglesHint.y
      value: 90.00001
      objectReference: {fileID: 0}
    - target: {fileID: -2729154538718506770, guid: bbb746fd3fde9ee4fb60e25a53651c92,
        type: 3}
      propertyPath: m_LocalRotation.x
      value: 0
      objectReference: {fileID: 0}
    - target: {fileID: -2729154538718506770, guid: bbb746fd3fde9ee4fb60e25a53651c92,
        type: 3}
      propertyPath: m_LocalRotation.z
      value: 0
      objectReference: {fileID: 0}
    - target: {fileID: -2729154538718506770, guid: bbb746fd3fde9ee4fb60e25a53651c92,
        type: 3}
      propertyPath: m_LocalRotation.w
      value: 1
      objectReference: {fileID: 0}
    - target: {fileID: -2729154538718506770, guid: bbb746fd3fde9ee4fb60e25a53651c92,
        type: 3}
      propertyPath: m_LocalEulerAnglesHint.x
      value: 0
      objectReference: {fileID: 0}
    - target: {fileID: 3827980884624370554, guid: bbb746fd3fde9ee4fb60e25a53651c92,
        type: 3}
      propertyPath: m_Materials.Array.data[0]
      value: 
      objectReference: {fileID: 2100000, guid: ef0a40ef0c4155445bab600761bd9a08, type: 2}
    - target: {fileID: 3827980884624370554, guid: bbb746fd3fde9ee4fb60e25a53651c92,
        type: 3}
      propertyPath: m_Materials.Array.data[1]
      value: 
      objectReference: {fileID: 2100000, guid: ef0a40ef0c4155445bab600761bd9a08, type: 2}
    - target: {fileID: -7308993611518976927, guid: bbb746fd3fde9ee4fb60e25a53651c92,
        type: 3}
      propertyPath: m_Materials.Array.data[0]
      value: 
      objectReference: {fileID: -5687862919892516342, guid: d7193c81b3826be46ac2a5653a121785,
        type: 3}
    - target: {fileID: 1996266617818144334, guid: bbb746fd3fde9ee4fb60e25a53651c92,
        type: 3}
      propertyPath: m_Materials.Array.data[0]
      value: 
      objectReference: {fileID: -5687862919892516342, guid: d7193c81b3826be46ac2a5653a121785,
        type: 3}
    - target: {fileID: 7201651981069973907, guid: bbb746fd3fde9ee4fb60e25a53651c92,
        type: 3}
      propertyPath: m_Materials.Array.data[0]
      value: 
      objectReference: {fileID: 2100000, guid: ef0a40ef0c4155445bab600761bd9a08, type: 2}
    - target: {fileID: 7201651981069973907, guid: bbb746fd3fde9ee4fb60e25a53651c92,
        type: 3}
      propertyPath: m_Materials.Array.data[1]
      value: 
      objectReference: {fileID: 2100000, guid: ef0a40ef0c4155445bab600761bd9a08, type: 2}
    - target: {fileID: -4713556580503343044, guid: bbb746fd3fde9ee4fb60e25a53651c92,
        type: 3}
      propertyPath: m_Materials.Array.data[0]
      value: 
      objectReference: {fileID: 2100000, guid: ef0a40ef0c4155445bab600761bd9a08, type: 2}
    - target: {fileID: -4713556580503343044, guid: bbb746fd3fde9ee4fb60e25a53651c92,
        type: 3}
      propertyPath: m_Materials.Array.data[1]
      value: 
      objectReference: {fileID: 2100000, guid: ef0a40ef0c4155445bab600761bd9a08, type: 2}
    - target: {fileID: 4401182828123574003, guid: bbb746fd3fde9ee4fb60e25a53651c92,
        type: 3}
      propertyPath: m_Materials.Array.data[0]
      value: 
      objectReference: {fileID: 2100000, guid: ef0a40ef0c4155445bab600761bd9a08, type: 2}
    - target: {fileID: 4401182828123574003, guid: bbb746fd3fde9ee4fb60e25a53651c92,
        type: 3}
      propertyPath: m_Materials.Array.data[1]
      value: 
      objectReference: {fileID: 2100000, guid: ef0a40ef0c4155445bab600761bd9a08, type: 2}
    - target: {fileID: 808974166211224270, guid: bbb746fd3fde9ee4fb60e25a53651c92,
        type: 3}
      propertyPath: m_Materials.Array.data[0]
      value: 
      objectReference: {fileID: -5687862919892516342, guid: d7193c81b3826be46ac2a5653a121785,
        type: 3}
    - target: {fileID: 325561885156493734, guid: bbb746fd3fde9ee4fb60e25a53651c92,
        type: 3}
      propertyPath: m_Materials.Array.data[0]
      value: 
      objectReference: {fileID: -5687862919892516342, guid: d7193c81b3826be46ac2a5653a121785,
        type: 3}
    m_RemovedComponents: []
  m_SourcePrefab: {fileID: 100100000, guid: bbb746fd3fde9ee4fb60e25a53651c92, type: 3}
--- !u!1 &5764001916435682330 stripped
GameObject:
  m_CorrespondingSourceObject: {fileID: 8034108649628640345, guid: bbb746fd3fde9ee4fb60e25a53651c92,
    type: 3}
  m_PrefabInstance: {fileID: 2342780501822271555}
  m_PrefabAsset: {fileID: 0}
--- !u!1 &623142808325987817 stripped
GameObject:
  m_CorrespondingSourceObject: {fileID: 2893249816573242794, guid: bbb746fd3fde9ee4fb60e25a53651c92,
    type: 3}
  m_PrefabInstance: {fileID: 2342780501822271555}
  m_PrefabAsset: {fileID: 0}
--- !u!1 &8952363161390768234 stripped
GameObject:
  m_CorrespondingSourceObject: {fileID: 6682801614139330601, guid: bbb746fd3fde9ee4fb60e25a53651c92,
    type: 3}
  m_PrefabInstance: {fileID: 2342780501822271555}
  m_PrefabAsset: {fileID: 0}
--- !u!1 &5107460799290851946 stripped
GameObject:
  m_CorrespondingSourceObject: {fileID: -1845804056486530519, guid: bbb746fd3fde9ee4fb60e25a53651c92,
    type: 3}
  m_PrefabInstance: {fileID: 2342780501822271555}
  m_PrefabAsset: {fileID: 0}
--- !u!1 &4629732501713395007 stripped
GameObject:
  m_CorrespondingSourceObject: {fileID: -2250912119167455876, guid: bbb746fd3fde9ee4fb60e25a53651c92,
    type: 3}
  m_PrefabInstance: {fileID: 2342780501822271555}
  m_PrefabAsset: {fileID: 0}
--- !u!1 &4498805758588051524 stripped
GameObject:
  m_CorrespondingSourceObject: {fileID: 2228651195697500167, guid: bbb746fd3fde9ee4fb60e25a53651c92,
    type: 3}
  m_PrefabInstance: {fileID: 2342780501822271555}
  m_PrefabAsset: {fileID: 0}
--- !u!4 &7348061199437290329 stripped
Transform:
  m_CorrespondingSourceObject: {fileID: -4216859302048453862, guid: bbb746fd3fde9ee4fb60e25a53651c92,
    type: 3}
  m_PrefabInstance: {fileID: 2342780501822271555}
  m_PrefabAsset: {fileID: 0}
--- !u!1 &5470604441881682652 stripped
GameObject:
  m_CorrespondingSourceObject: {fileID: -1483857233214451041, guid: bbb746fd3fde9ee4fb60e25a53651c92,
    type: 3}
  m_PrefabInstance: {fileID: 2342780501822271555}
  m_PrefabAsset: {fileID: 0}
--- !u!1 &181590964016022853 stripped
GameObject:
  m_CorrespondingSourceObject: {fileID: -6771691518399122170, guid: bbb746fd3fde9ee4fb60e25a53651c92,
    type: 3}
  m_PrefabInstance: {fileID: 2342780501822271555}
  m_PrefabAsset: {fileID: 0}
--- !u!1 &8980229939221858209 stripped
GameObject:
  m_CorrespondingSourceObject: {fileID: 6639174433883191266, guid: bbb746fd3fde9ee4fb60e25a53651c92,
    type: 3}
  m_PrefabInstance: {fileID: 2342780501822271555}
  m_PrefabAsset: {fileID: 0}
--- !u!1 &7662969749009577945 stripped
GameObject:
  m_CorrespondingSourceObject: {fileID: -3829348212719466598, guid: bbb746fd3fde9ee4fb60e25a53651c92,
    type: 3}
  m_PrefabInstance: {fileID: 2342780501822271555}
  m_PrefabAsset: {fileID: 0}
--- !u!1 &5713956025093018118 stripped
GameObject:
  m_CorrespondingSourceObject: {fileID: -1166653515577384379, guid: bbb746fd3fde9ee4fb60e25a53651c92,
    type: 3}
  m_PrefabInstance: {fileID: 2342780501822271555}
  m_PrefabAsset: {fileID: 0}
--- !u!1 &5739572097953761258 stripped
GameObject:
  m_CorrespondingSourceObject: {fileID: 8008583340566575017, guid: bbb746fd3fde9ee4fb60e25a53651c92,
    type: 3}
  m_PrefabInstance: {fileID: 2342780501822271555}
  m_PrefabAsset: {fileID: 0}
--- !u!1 &8515835529738826032 stripped
GameObject:
  m_CorrespondingSourceObject: {fileID: -2977608056928976525, guid: bbb746fd3fde9ee4fb60e25a53651c92,
    type: 3}
  m_PrefabInstance: {fileID: 2342780501822271555}
  m_PrefabAsset: {fileID: 0}
--- !u!1 &6727061879513900693 stripped
GameObject:
  m_CorrespondingSourceObject: {fileID: 9068113673765820118, guid: bbb746fd3fde9ee4fb60e25a53651c92,
    type: 3}
  m_PrefabInstance: {fileID: 2342780501822271555}
  m_PrefabAsset: {fileID: 0}
--- !u!1 &5441391126572250872 stripped
GameObject:
  m_CorrespondingSourceObject: {fileID: 7710318771941852859, guid: bbb746fd3fde9ee4fb60e25a53651c92,
    type: 3}
  m_PrefabInstance: {fileID: 2342780501822271555}
  m_PrefabAsset: {fileID: 0}
--- !u!1 &6923857421180669262 stripped
GameObject:
  m_CorrespondingSourceObject: {fileID: -4569673851511833331, guid: bbb746fd3fde9ee4fb60e25a53651c92,
    type: 3}
  m_PrefabInstance: {fileID: 2342780501822271555}
  m_PrefabAsset: {fileID: 0}
