%YAML 1.1
%TAG !u! tag:unity3d.com,2011:
--- !u!114 &2064229889385240184
MonoBehaviour:
  m_ObjectHideFlags: 0
  m_CorrespondingSourceObject: {fileID: 0}
  m_PrefabInstance: {fileID: 0}
  m_PrefabAsset: {fileID: 0}
  m_GameObject: {fileID: 57037880962275823}
  m_Enabled: 1
  m_EditorHideFlags: 0
  m_Script: {fileID: 11500000, guid: 816c52b73d7a1de4d8f07430f0420752, type: 3}
  m_Name: 
  m_EditorClassIdentifier: 
  partMeshType: legs
  setMaterialIndex: -1
  setMaterialIndex2: -1
  sewing: 0
--- !u!114 &442089701896080329
MonoBehaviour:
  m_ObjectHideFlags: 0
  m_CorrespondingSourceObject: {fileID: 0}
  m_PrefabInstance: {fileID: 0}
  m_PrefabAsset: {fileID: 0}
  m_GameObject: {fileID: 522372727974994158}
  m_Enabled: 1
  m_EditorHideFlags: 0
  m_Script: {fileID: 11500000, guid: 298df71d7d1c94f47a9df2b26686031c, type: 3}
  m_Name: 
  m_EditorClassIdentifier: 
  type: 0
  connection: r
  allowedCategories: []
  disallowedCategories: []
  partPointGUI: {fileID: 0}
  activateOnDisconnect: []
  connectedTo: {fileID: 0}
  part: {fileID: 0}
--- !u!114 &8911837996415767211
MonoBehaviour:
  m_ObjectHideFlags: 0
  m_CorrespondingSourceObject: {fileID: 0}
  m_PrefabInstance: {fileID: 0}
  m_PrefabAsset: {fileID: 0}
  m_GameObject: {fileID: 1293655512329418507}
  m_Enabled: 1
  m_EditorHideFlags: 0
  m_Script: {fileID: 11500000, guid: 816c52b73d7a1de4d8f07430f0420752, type: 3}
  m_Name: 
  m_EditorClassIdentifier: 
  partMeshType: legs
  setMaterialIndex: -1
  setMaterialIndex2: -1
  sewing: 0
--- !u!64 &2505034304617463167
MeshCollider:
  m_ObjectHideFlags: 0
  m_CorrespondingSourceObject: {fileID: 0}
  m_PrefabInstance: {fileID: 0}
  m_PrefabAsset: {fileID: 0}
  m_GameObject: {fileID: 2938261769124613724}
  m_Material: {fileID: 0}
  m_IsTrigger: 0
  m_Enabled: 1
  serializedVersion: 3
  m_Convex: 0
  m_CookingOptions: 14
  m_Mesh: {fileID: 230578178938193870, guid: 674adb0bc17d9ce42951eaf18a249e59, type: 3}
--- !u!114 &472157896969407029
MonoBehaviour:
  m_ObjectHideFlags: 0
  m_CorrespondingSourceObject: {fileID: 0}
  m_PrefabInstance: {fileID: 0}
  m_PrefabAsset: {fileID: 0}
  m_GameObject: {fileID: 2938261769124613724}
  m_Enabled: 1
  m_EditorHideFlags: 0
  m_Script: {fileID: 11500000, guid: 8ff23e8d62479ff46bcdd5e0aaed1393, type: 3}
  m_Name: 
  m_EditorClassIdentifier: 
  rotationOpen: {x: 65, y: 90, z: 0}
  rotationClosed: {x: 0, y: 90, z: 0}
  speed: 2
  connectedObject: {fileID: 0}
--- !u!114 &5484863625116125238
MonoBehaviour:
  m_ObjectHideFlags: 0
  m_CorrespondingSourceObject: {fileID: 0}
  m_PrefabInstance: {fileID: 0}
  m_PrefabAsset: {fileID: 0}
  m_GameObject: {fileID: 2938261769124613724}
  m_Enabled: 1
  m_EditorHideFlags: 0
  m_Script: {fileID: 11500000, guid: 816c52b73d7a1de4d8f07430f0420752, type: 3}
  m_Name: 
  m_EditorClassIdentifier: 
  partMeshType: main
  setMaterialIndex: -1
  setMaterialIndex2: -1
  sewing: 0
--- !u!1 &3302361723228351927
GameObject:
  m_ObjectHideFlags: 0
  m_CorrespondingSourceObject: {fileID: 0}
  m_PrefabInstance: {fileID: 0}
  m_PrefabAsset: {fileID: 0}
  serializedVersion: 6
  m_Component:
  - component: {fileID: 2320284488058394198}
  - component: {fileID: 6884151744727095066}
  m_Layer: 9
  m_Name: LEZADLO 995x1270_V2 1
  m_TagString: Untagged
  m_Icon: {fileID: 0}
  m_NavMeshLayer: 0
  m_StaticEditorFlags: 0
  m_IsActive: 1
--- !u!4 &2320284488058394198
Transform:
  m_ObjectHideFlags: 0
  m_CorrespondingSourceObject: {fileID: 0}
  m_PrefabInstance: {fileID: 0}
  m_PrefabAsset: {fileID: 0}
  m_GameObject: {fileID: 3302361723228351927}
  m_LocalRotation: {x: 0, y: 1, z: 0, w: 0}
  m_LocalPosition: {x: 0, y: 0, z: 0}
  m_LocalScale: {x: 1, y: 1, z: 1}
  m_Children:
  - {fileID: 6057201813536904550}
  m_Father: {fileID: 0}
  m_RootOrder: 0
  m_LocalEulerAnglesHint: {x: 0, y: 180, z: 0}
--- !u!114 &6884151744727095066
MonoBehaviour:
  m_ObjectHideFlags: 0
  m_CorrespondingSourceObject: {fileID: 0}
  m_PrefabInstance: {fileID: 0}
  m_PrefabAsset: {fileID: 0}
  m_GameObject: {fileID: 3302361723228351927}
  m_Enabled: 1
  m_EditorHideFlags: 0
  m_Script: {fileID: 11500000, guid: de305606890b87e42a58c187eba6fe10, type: 3}
  m_Name: 
  m_EditorClassIdentifier: 
  partName: "Ottoman mal\xFD"
  partNameCombinations: []
  partDescription: 
  partCategory: universal
  includeInDimensions: 1
  dimensions: {x: 1.0355415, y: 0.8875771, z: 1.2700372}
  image: {fileID: 21300000, guid: e666098d4fd132c41ac119f39f1dad1f, type: 3}
  type: 0
  partPoints:
  - {fileID: 442089701896080329}
  canBeStandalone: 1
  sewingNames: []
  OnPartPointConnect:
    m_PersistentCalls:
      m_Calls: []
--- !u!64 &2787801634810010813
MeshCollider:
  m_ObjectHideFlags: 0
  m_CorrespondingSourceObject: {fileID: 0}
  m_PrefabInstance: {fileID: 0}
  m_PrefabAsset: {fileID: 0}
  m_GameObject: {fileID: 3663353825662851149}
  m_Material: {fileID: 0}
  m_IsTrigger: 0
  m_Enabled: 1
  serializedVersion: 3
  m_Convex: 0
  m_CookingOptions: 14
  m_Mesh: {fileID: 6185007976833046536, guid: 674adb0bc17d9ce42951eaf18a249e59, type: 3}
--- !u!114 &4140047125982943821
MonoBehaviour:
  m_ObjectHideFlags: 0
  m_CorrespondingSourceObject: {fileID: 0}
  m_PrefabInstance: {fileID: 0}
  m_PrefabAsset: {fileID: 0}
  m_GameObject: {fileID: 3663353825662851149}
  m_Enabled: 1
  m_EditorHideFlags: 0
  m_Script: {fileID: 11500000, guid: 816c52b73d7a1de4d8f07430f0420752, type: 3}
  m_Name: 
  m_EditorClassIdentifier: 
  partMeshType: main
  setMaterialIndex: -1
  setMaterialIndex2: -1
  sewing: 0
--- !u!114 &4787157515572271867
MonoBehaviour:
  m_ObjectHideFlags: 0
  m_CorrespondingSourceObject: {fileID: 0}
  m_PrefabInstance: {fileID: 0}
  m_PrefabAsset: {fileID: 0}
  m_GameObject: {fileID: 3921434968117902073}
  m_Enabled: 1
  m_EditorHideFlags: 0
  m_Script: {fileID: 11500000, guid: 816c52b73d7a1de4d8f07430f0420752, type: 3}
  m_Name: 
  m_EditorClassIdentifier: 
  partMeshType: legs2
  setMaterialIndex: -1
  setMaterialIndex2: -1
  sewing: 0
--- !u!114 &2125198977416693955
MonoBehaviour:
  m_ObjectHideFlags: 0
  m_CorrespondingSourceObject: {fileID: 0}
  m_PrefabInstance: {fileID: 0}
  m_PrefabAsset: {fileID: 0}
  m_GameObject: {fileID: 5036003962065561447}
  m_Enabled: 1
  m_EditorHideFlags: 0
  m_Script: {fileID: 11500000, guid: 816c52b73d7a1de4d8f07430f0420752, type: 3}
  m_Name: 
  m_EditorClassIdentifier: 
  partMeshType: legs2
  setMaterialIndex: -1
  setMaterialIndex2: -1
  sewing: 0
--- !u!114 &2654442445634702391
MonoBehaviour:
  m_ObjectHideFlags: 0
  m_CorrespondingSourceObject: {fileID: 0}
  m_PrefabInstance: {fileID: 0}
  m_PrefabAsset: {fileID: 0}
  m_GameObject: {fileID: 7529730627113376650}
  m_Enabled: 1
  m_EditorHideFlags: 0
  m_Script: {fileID: 11500000, guid: 816c52b73d7a1de4d8f07430f0420752, type: 3}
  m_Name: 
  m_EditorClassIdentifier: 
  partMeshType: legs2
  setMaterialIndex: -1
  setMaterialIndex2: -1
  sewing: 0
--- !u!114 &1856557532272129338
MonoBehaviour:
  m_ObjectHideFlags: 0
  m_CorrespondingSourceObject: {fileID: 0}
  m_PrefabInstance: {fileID: 0}
  m_PrefabAsset: {fileID: 0}
  m_GameObject: {fileID: 7850837508095795421}
  m_Enabled: 1
  m_EditorHideFlags: 0
  m_Script: {fileID: 11500000, guid: 816c52b73d7a1de4d8f07430f0420752, type: 3}
  m_Name: 
  m_EditorClassIdentifier: 
  partMeshType: legs
  setMaterialIndex: -1
  setMaterialIndex2: -1
  sewing: 0
--- !u!114 &2374350313201358103
MonoBehaviour:
  m_ObjectHideFlags: 0
  m_CorrespondingSourceObject: {fileID: 0}
  m_PrefabInstance: {fileID: 0}
  m_PrefabAsset: {fileID: 0}
  m_GameObject: {fileID: 8797387143149076656}
  m_Enabled: 1
  m_EditorHideFlags: 0
  m_Script: {fileID: 11500000, guid: 816c52b73d7a1de4d8f07430f0420752, type: 3}
  m_Name: 
  m_EditorClassIdentifier: 
  partMeshType: legs2
  setMaterialIndex: -1
  setMaterialIndex2: -1
  sewing: 0
--- !u!114 &5494527941939945114
MonoBehaviour:
  m_ObjectHideFlags: 0
  m_CorrespondingSourceObject: {fileID: 0}
  m_PrefabInstance: {fileID: 0}
  m_PrefabAsset: {fileID: 0}
  m_GameObject: {fileID: 8859625194022547765}
  m_Enabled: 1
  m_EditorHideFlags: 0
  m_Script: {fileID: 11500000, guid: 816c52b73d7a1de4d8f07430f0420752, type: 3}
  m_Name: 
  m_EditorClassIdentifier: 
  partMeshType: legs
  setMaterialIndex: -1
  setMaterialIndex2: -1
  sewing: 0
--- !u!1001 &1257969096732032636
PrefabInstance:
  m_ObjectHideFlags: 0
  serializedVersion: 2
  m_Modification:
    m_TransformParent: {fileID: 2320284488058394198}
    m_Modifications:
    - target: {fileID: -927199367670048503, guid: 674adb0bc17d9ce42951eaf18a249e59,
        type: 3}
      propertyPath: m_Name
      value: LEZADLO 995x1270_V2
      objectReference: {fileID: 0}
    - target: {fileID: -927199367670048503, guid: 674adb0bc17d9ce42951eaf18a249e59,
        type: 3}
      propertyPath: m_Layer
      value: 9
      objectReference: {fileID: 0}
    - target: {fileID: 1606345806358290066, guid: 674adb0bc17d9ce42951eaf18a249e59,
        type: 3}
      propertyPath: m_Layer
      value: 9
      objectReference: {fileID: 0}
    - target: {fileID: -5065430584761176032, guid: 674adb0bc17d9ce42951eaf18a249e59,
        type: 3}
      propertyPath: m_Layer
      value: 9
      objectReference: {fileID: 0}
    - target: {fileID: 7633134217077215195, guid: 674adb0bc17d9ce42951eaf18a249e59,
        type: 3}
      propertyPath: m_IsActive
      value: 0
      objectReference: {fileID: 0}
    - target: {fileID: 2568156656463668785, guid: 674adb0bc17d9ce42951eaf18a249e59,
        type: 3}
      propertyPath: m_Layer
      value: 9
      objectReference: {fileID: 0}
    - target: {fileID: -3570401670507140402, guid: 674adb0bc17d9ce42951eaf18a249e59,
        type: 3}
      propertyPath: m_IsActive
      value: 0
      objectReference: {fileID: 0}
    - target: {fileID: 6095145807718193435, guid: 674adb0bc17d9ce42951eaf18a249e59,
        type: 3}
      propertyPath: m_IsActive
      value: 0
      objectReference: {fileID: 0}
    - target: {fileID: -1485153487848407348, guid: 674adb0bc17d9ce42951eaf18a249e59,
        type: 3}
      propertyPath: m_IsActive
      value: 0
      objectReference: {fileID: 0}
    - target: {fileID: 2818840404845642885, guid: 674adb0bc17d9ce42951eaf18a249e59,
        type: 3}
      propertyPath: m_IsActive
      value: 0
      objectReference: {fileID: 0}
    - target: {fileID: 8722291766177916406, guid: 674adb0bc17d9ce42951eaf18a249e59,
        type: 3}
      propertyPath: m_IsActive
      value: 0
      objectReference: {fileID: 0}
    - target: {fileID: 2533625079503000484, guid: 674adb0bc17d9ce42951eaf18a249e59,
        type: 3}
      propertyPath: m_IsActive
      value: 0
      objectReference: {fileID: 0}
    - target: {fileID: 5074501926502812671, guid: 674adb0bc17d9ce42951eaf18a249e59,
        type: 3}
      propertyPath: m_IsActive
      value: 0
      objectReference: {fileID: 0}
    - target: {fileID: -4210724379217421016, guid: 674adb0bc17d9ce42951eaf18a249e59,
        type: 3}
      propertyPath: m_IsActive
      value: 0
      objectReference: {fileID: 0}
    - target: {fileID: 6848006283160792094, guid: 674adb0bc17d9ce42951eaf18a249e59,
        type: 3}
      propertyPath: m_IsActive
      value: 0
      objectReference: {fileID: 0}
    - target: {fileID: -178187798107562335, guid: 674adb0bc17d9ce42951eaf18a249e59,
        type: 3}
      propertyPath: m_Layer
      value: 9
      objectReference: {fileID: 0}
    - target: {fileID: -7944464517287712877, guid: 674adb0bc17d9ce42951eaf18a249e59,
        type: 3}
      propertyPath: m_Layer
      value: 9
      objectReference: {fileID: 0}
    - target: {fileID: -1475348796749574327, guid: 674adb0bc17d9ce42951eaf18a249e59,
        type: 3}
      propertyPath: m_Layer
      value: 9
      objectReference: {fileID: 0}
    - target: {fileID: 37938579581651319, guid: 674adb0bc17d9ce42951eaf18a249e59,
        type: 3}
      propertyPath: m_Layer
      value: 9
      objectReference: {fileID: 0}
    - target: {fileID: -4216859302048453862, guid: 674adb0bc17d9ce42951eaf18a249e59,
        type: 3}
      propertyPath: m_LocalPosition.x
      value: 0
      objectReference: {fileID: 0}
    - target: {fileID: -4216859302048453862, guid: 674adb0bc17d9ce42951eaf18a249e59,
        type: 3}
      propertyPath: m_LocalPosition.y
      value: 0
      objectReference: {fileID: 0}
    - target: {fileID: -4216859302048453862, guid: 674adb0bc17d9ce42951eaf18a249e59,
        type: 3}
      propertyPath: m_LocalPosition.z
      value: 0
      objectReference: {fileID: 0}
    - target: {fileID: -4216859302048453862, guid: 674adb0bc17d9ce42951eaf18a249e59,
        type: 3}
      propertyPath: m_LocalRotation.x
      value: 0
      objectReference: {fileID: 0}
    - target: {fileID: -4216859302048453862, guid: 674adb0bc17d9ce42951eaf18a249e59,
        type: 3}
      propertyPath: m_LocalRotation.y
      value: 0
      objectReference: {fileID: 0}
    - target: {fileID: -4216859302048453862, guid: 674adb0bc17d9ce42951eaf18a249e59,
        type: 3}
      propertyPath: m_LocalRotation.z
      value: 0
      objectReference: {fileID: 0}
    - target: {fileID: -4216859302048453862, guid: 674adb0bc17d9ce42951eaf18a249e59,
        type: 3}
      propertyPath: m_LocalRotation.w
      value: 1
      objectReference: {fileID: 0}
    - target: {fileID: -4216859302048453862, guid: 674adb0bc17d9ce42951eaf18a249e59,
        type: 3}
      propertyPath: m_RootOrder
      value: 0
      objectReference: {fileID: 0}
    - target: {fileID: -4216859302048453862, guid: 674adb0bc17d9ce42951eaf18a249e59,
        type: 3}
      propertyPath: m_LocalEulerAnglesHint.x
      value: 0
      objectReference: {fileID: 0}
    - target: {fileID: -4216859302048453862, guid: 674adb0bc17d9ce42951eaf18a249e59,
        type: 3}
      propertyPath: m_LocalEulerAnglesHint.y
      value: 0
      objectReference: {fileID: 0}
    - target: {fileID: -4216859302048453862, guid: 674adb0bc17d9ce42951eaf18a249e59,
        type: 3}
      propertyPath: m_LocalEulerAnglesHint.z
      value: 0
      objectReference: {fileID: 0}
    - target: {fileID: -4216859302048453862, guid: 674adb0bc17d9ce42951eaf18a249e59,
        type: 3}
      propertyPath: m_LocalScale.x
      value: -1
      objectReference: {fileID: 0}
    - target: {fileID: -4940190444383473904, guid: 674adb0bc17d9ce42951eaf18a249e59,
        type: 3}
      propertyPath: m_Materials.Array.data[0]
      value: 
      objectReference: {fileID: 2100000, guid: ef0a40ef0c4155445bab600761bd9a08, type: 2}
    - target: {fileID: -4940190444383473904, guid: 674adb0bc17d9ce42951eaf18a249e59,
        type: 3}
      propertyPath: m_Materials.Array.data[1]
      value: 
      objectReference: {fileID: 2100000, guid: ef0a40ef0c4155445bab600761bd9a08, type: 2}
    - target: {fileID: 3136630688718395328, guid: 674adb0bc17d9ce42951eaf18a249e59,
        type: 3}
      propertyPath: m_Materials.Array.data[0]
      value: 
      objectReference: {fileID: -5687862919892516342, guid: d7193c81b3826be46ac2a5653a121785,
        type: 3}
    - target: {fileID: 5692182188623851271, guid: 674adb0bc17d9ce42951eaf18a249e59,
        type: 3}
      propertyPath: m_Materials.Array.data[0]
      value: 
      objectReference: {fileID: 2100000, guid: ef0a40ef0c4155445bab600761bd9a08, type: 2}
    - target: {fileID: 5692182188623851271, guid: 674adb0bc17d9ce42951eaf18a249e59,
        type: 3}
      propertyPath: m_Materials.Array.data[1]
      value: 
      objectReference: {fileID: 2100000, guid: ef0a40ef0c4155445bab600761bd9a08, type: 2}
    - target: {fileID: -326663419835006974, guid: 674adb0bc17d9ce42951eaf18a249e59,
        type: 3}
      propertyPath: m_Materials.Array.data[0]
      value: 
      objectReference: {fileID: 2100000, guid: ef0a40ef0c4155445bab600761bd9a08, type: 2}
    - target: {fileID: -326663419835006974, guid: 674adb0bc17d9ce42951eaf18a249e59,
        type: 3}
      propertyPath: m_Materials.Array.data[1]
      value: 
      objectReference: {fileID: 2100000, guid: ef0a40ef0c4155445bab600761bd9a08, type: 2}
    - target: {fileID: -233027201343292502, guid: 674adb0bc17d9ce42951eaf18a249e59,
        type: 3}
      propertyPath: m_Materials.Array.data[0]
      value: 
      objectReference: {fileID: -5687862919892516342, guid: d7193c81b3826be46ac2a5653a121785,
        type: 3}
    - target: {fileID: 7940961347602315542, guid: 674adb0bc17d9ce42951eaf18a249e59,
        type: 3}
      propertyPath: m_Materials.Array.data[0]
      value: 
      objectReference: {fileID: 2100000, guid: ef0a40ef0c4155445bab600761bd9a08, type: 2}
    - target: {fileID: 7940961347602315542, guid: 674adb0bc17d9ce42951eaf18a249e59,
        type: 3}
      propertyPath: m_Materials.Array.data[1]
      value: 
      objectReference: {fileID: 2100000, guid: ef0a40ef0c4155445bab600761bd9a08, type: 2}
    m_RemovedComponents: []
  m_SourcePrefab: {fileID: 100100000, guid: 674adb0bc17d9ce42951eaf18a249e59, type: 3}
--- !u!4 &6057201813536904550 stripped
Transform:
  m_CorrespondingSourceObject: {fileID: -4216859302048453862, guid: 674adb0bc17d9ce42951eaf18a249e59,
    type: 3}
  m_PrefabInstance: {fileID: 1257969096732032636}
  m_PrefabAsset: {fileID: 0}
--- !u!1 &522372727974994158 stripped
GameObject:
  m_CorrespondingSourceObject: {fileID: 1606345806358290066, guid: 674adb0bc17d9ce42951eaf18a249e59,
    type: 3}
  m_PrefabInstance: {fileID: 1257969096732032636}
  m_PrefabAsset: {fileID: 0}
--- !u!1 &2938261769124613724 stripped
GameObject:
  m_CorrespondingSourceObject: {fileID: -5065430584761176032, guid: 674adb0bc17d9ce42951eaf18a249e59,
    type: 3}
  m_PrefabInstance: {fileID: 1257969096732032636}
  m_PrefabAsset: {fileID: 0}
--- !u!1 &3663353825662851149 stripped
GameObject:
  m_CorrespondingSourceObject: {fileID: 2568156656463668785, guid: 674adb0bc17d9ce42951eaf18a249e59,
    type: 3}
  m_PrefabInstance: {fileID: 1257969096732032636}
  m_PrefabAsset: {fileID: 0}
--- !u!1 &5036003962065561447 stripped
GameObject:
  m_CorrespondingSourceObject: {fileID: 6095145807718193435, guid: 674adb0bc17d9ce42951eaf18a249e59,
    type: 3}
  m_PrefabInstance: {fileID: 1257969096732032636}
  m_PrefabAsset: {fileID: 0}
--- !u!1 &8797387143149076656 stripped
GameObject:
  m_CorrespondingSourceObject: {fileID: -1485153487848407348, guid: 674adb0bc17d9ce42951eaf18a249e59,
    type: 3}
  m_PrefabInstance: {fileID: 1257969096732032636}
  m_PrefabAsset: {fileID: 0}
--- !u!1 &3921434968117902073 stripped
GameObject:
  m_CorrespondingSourceObject: {fileID: 2818840404845642885, guid: 674adb0bc17d9ce42951eaf18a249e59,
    type: 3}
  m_PrefabInstance: {fileID: 1257969096732032636}
  m_PrefabAsset: {fileID: 0}
--- !u!1 &7529730627113376650 stripped
GameObject:
  m_CorrespondingSourceObject: {fileID: 8722291766177916406, guid: 674adb0bc17d9ce42951eaf18a249e59,
    type: 3}
  m_PrefabInstance: {fileID: 1257969096732032636}
  m_PrefabAsset: {fileID: 0}
--- !u!1 &7850837508095795421 stripped
GameObject:
  m_CorrespondingSourceObject: {fileID: -178187798107562335, guid: 674adb0bc17d9ce42951eaf18a249e59,
    type: 3}
  m_PrefabInstance: {fileID: 1257969096732032636}
  m_PrefabAsset: {fileID: 0}
--- !u!1 &57037880962275823 stripped
GameObject:
  m_CorrespondingSourceObject: {fileID: -7944464517287712877, guid: 674adb0bc17d9ce42951eaf18a249e59,
    type: 3}
  m_PrefabInstance: {fileID: 1257969096732032636}
  m_PrefabAsset: {fileID: 0}
--- !u!1 &8859625194022547765 stripped
GameObject:
  m_CorrespondingSourceObject: {fileID: -1475348796749574327, guid: 674adb0bc17d9ce42951eaf18a249e59,
    type: 3}
  m_PrefabInstance: {fileID: 1257969096732032636}
  m_PrefabAsset: {fileID: 0}
--- !u!1 &1293655512329418507 stripped
GameObject:
  m_CorrespondingSourceObject: {fileID: 37938579581651319, guid: 674adb0bc17d9ce42951eaf18a249e59,
    type: 3}
  m_PrefabInstance: {fileID: 1257969096732032636}
  m_PrefabAsset: {fileID: 0}
