%YAML 1.1
%TAG !u! tag:unity3d.com,2011:
--- !u!1 &288760757026084943
GameObject:
  m_ObjectHideFlags: 0
  m_CorrespondingSourceObject: {fileID: 0}
  m_PrefabInstance: {fileID: 0}
  m_PrefabAsset: {fileID: 0}
  serializedVersion: 6
  m_Component:
  - component: {fileID: 6099105073362147693}
  - component: {fileID: 8831972143773423203}
  - component: {fileID: 5319003317106608954}
  m_Layer: 9
  m_Name: LEZADLO 970x2235
  m_TagString: Untagged
  m_Icon: {fileID: 0}
  m_NavMeshLayer: 0
  m_StaticEditorFlags: 0
  m_IsActive: 1
--- !u!4 &6099105073362147693
Transform:
  m_ObjectHideFlags: 0
  m_CorrespondingSourceObject: {fileID: 0}
  m_PrefabInstance: {fileID: 0}
  m_PrefabAsset: {fileID: 0}
  m_GameObject: {fileID: 288760757026084943}
  m_LocalRotation: {x: 0, y: 1, z: 0, w: 0}
  m_LocalPosition: {x: 0, y: 0, z: 0}
  m_LocalScale: {x: 1, y: 1, z: 1}
  m_Children:
  - {fileID: 2707043051946702361}
  m_Father: {fileID: 0}
  m_RootOrder: 0
  m_LocalEulerAnglesHint: {x: 0, y: 180, z: 0}
--- !u!114 &8831972143773423203
MonoBehaviour:
  m_ObjectHideFlags: 0
  m_CorrespondingSourceObject: {fileID: 0}
  m_PrefabInstance: {fileID: 0}
  m_PrefabAsset: {fileID: 0}
  m_GameObject: {fileID: 288760757026084943}
  m_Enabled: 1
  m_EditorHideFlags: 0
  m_Script: {fileID: 11500000, guid: de305606890b87e42a58c187eba6fe10, type: 3}
  m_Name: 
  m_EditorClassIdentifier: 
  partName: "Ottoman ve\u013Ek\xFD"
  partNameCombinations: []
  partDescription: 
  partCategory: ottoman
  includeInDimensions: 1
  dimensions: {x: 0.99682146, y: 0.88715684, z: 2.2375002}
  image: {fileID: 21300000, guid: 28612da9b3a4a3f4c90bb6e58b9818eb, type: 3}
  type: 0
  partPoints:
  - {fileID: 138897469405385762}
  - {fileID: 4991530970379685309}
  - {fileID: 5504716555070790112}
  - {fileID: 5244693987262473125}
  canBeStandalone: 1
  sewingNames: []
  OnPartPointConnect:
    m_PersistentCalls:
      m_Calls: []
  possibleOptionalFunctions:
  - {fileID: 11400000, guid: dcb8bd2b1c4d2414d800ea4eaf01462a, type: 2}
  selectedOptionalFunction: {fileID: 0}
--- !u!114 &5319003317106608954
MonoBehaviour:
  m_ObjectHideFlags: 0
  m_CorrespondingSourceObject: {fileID: 0}
  m_PrefabInstance: {fileID: 0}
  m_PrefabAsset: {fileID: 0}
  m_GameObject: {fileID: 288760757026084943}
  m_Enabled: 1
  m_EditorHideFlags: 0
  m_Script: {fileID: 11500000, guid: 7faf1db83129fa34f9ad8a5b382f4caf, type: 3}
  m_Name: 
  m_EditorClassIdentifier: 
  optionalFunctions:
  - {fileID: 11400000, guid: dcb8bd2b1c4d2414d800ea4eaf01462a, type: 2}
  eventOnOptionalFunction:
    m_PersistentCalls:
      m_Calls:
      - m_Target: {fileID: 9027970001570322517}
        m_MethodName: set_enabled
        m_Mode: 0
        m_Arguments:
          m_ObjectArgument: {fileID: 0}
          m_ObjectArgumentAssemblyTypeName: UnityEngine.Object, UnityEngine
          m_IntArgument: 0
          m_FloatArgument: 0
          m_StringArgument: 
          m_BoolArgument: 0
        m_CallState: 2
--- !u!64 &4756902513812761412
MeshCollider:
  m_ObjectHideFlags: 0
  m_CorrespondingSourceObject: {fileID: 0}
  m_PrefabInstance: {fileID: 0}
  m_PrefabAsset: {fileID: 0}
  m_GameObject: {fileID: 2151646774401315004}
  m_Material: {fileID: 0}
  m_IsTrigger: 0
  m_Enabled: 1
  serializedVersion: 3
  m_Convex: 0
  m_CookingOptions: 14
  m_Mesh: {fileID: 2377567201957539197, guid: a7fbb88fe9b8b1b409a892bc802df244, type: 3}
--- !u!114 &3817029426923169665
MonoBehaviour:
  m_ObjectHideFlags: 0
  m_CorrespondingSourceObject: {fileID: 0}
  m_PrefabInstance: {fileID: 0}
  m_PrefabAsset: {fileID: 0}
  m_GameObject: {fileID: 2151646774401315004}
  m_Enabled: 1
  m_EditorHideFlags: 0
  m_Script: {fileID: 11500000, guid: 816c52b73d7a1de4d8f07430f0420752, type: 3}
  m_Name: 
  m_EditorClassIdentifier: 
  partMeshType: main
  setMaterialIndex: -1
  setMaterialIndex2: -1
  sewing: 0
--- !u!114 &9007803297321635224
MonoBehaviour:
  m_ObjectHideFlags: 0
  m_CorrespondingSourceObject: {fileID: 0}
  m_PrefabInstance: {fileID: 0}
  m_PrefabAsset: {fileID: 0}
  m_GameObject: {fileID: 2151646774401315004}
  m_Enabled: 1
  m_EditorHideFlags: 0
  m_Script: {fileID: 11500000, guid: 1030b2116dfab9343be14c0d0839ab5e, type: 3}
  m_Name: 
  m_EditorClassIdentifier: 
  ActivateObject: {fileID: 8266705806626763635}
  deactivateOnStart: 0
  DeactivateObjectInsteadOfThis: {fileID: 0}
--- !u!114 &8054683792347856384
MonoBehaviour:
  m_ObjectHideFlags: 0
  m_CorrespondingSourceObject: {fileID: 0}
  m_PrefabInstance: {fileID: 0}
  m_PrefabAsset: {fileID: 0}
  m_GameObject: {fileID: 3026530167754977078}
  m_Enabled: 1
  m_EditorHideFlags: 0
  m_Script: {fileID: 11500000, guid: 816c52b73d7a1de4d8f07430f0420752, type: 3}
  m_Name: 
  m_EditorClassIdentifier: 
  partMeshType: legs
  setMaterialIndex: -1
  setMaterialIndex2: -1
  sewing: 0
--- !u!114 &5504716555070790112
MonoBehaviour:
  m_ObjectHideFlags: 0
  m_CorrespondingSourceObject: {fileID: 0}
  m_PrefabInstance: {fileID: 0}
  m_PrefabAsset: {fileID: 0}
  m_GameObject: {fileID: 3277654606171787984}
  m_Enabled: 1
  m_EditorHideFlags: 0
  m_Script: {fileID: 11500000, guid: 298df71d7d1c94f47a9df2b26686031c, type: 3}
  m_Name: 
  m_EditorClassIdentifier: 
  type: 1
  connection: l
  allowedCategories: []
  disallowedCategories: []
  partPointGUI: {fileID: 0}
  activateOnDisconnect: []
  connectedTo: {fileID: 0}
  part: {fileID: 0}
--- !u!114 &4991530970379685309
MonoBehaviour:
  m_ObjectHideFlags: 0
  m_CorrespondingSourceObject: {fileID: 0}
  m_PrefabInstance: {fileID: 0}
  m_PrefabAsset: {fileID: 0}
  m_GameObject: {fileID: 3935489487435804581}
  m_Enabled: 1
  m_EditorHideFlags: 0
  m_Script: {fileID: 11500000, guid: 298df71d7d1c94f47a9df2b26686031c, type: 3}
  m_Name: 
  m_EditorClassIdentifier: 
  type: 1
  connection: l
  allowedCategories: []
  disallowedCategories: []
  partPointGUI: {fileID: 0}
  activateOnDisconnect: []
  connectedTo: {fileID: 0}
  part: {fileID: 0}
--- !u!114 &9003834671287484117
MonoBehaviour:
  m_ObjectHideFlags: 0
  m_CorrespondingSourceObject: {fileID: 0}
  m_PrefabInstance: {fileID: 0}
  m_PrefabAsset: {fileID: 0}
  m_GameObject: {fileID: 4478140102814627870}
  m_Enabled: 1
  m_EditorHideFlags: 0
  m_Script: {fileID: 11500000, guid: 816c52b73d7a1de4d8f07430f0420752, type: 3}
  m_Name: 
  m_EditorClassIdentifier: 
  partMeshType: legs
  setMaterialIndex: -1
  setMaterialIndex2: -1
  sewing: 0
--- !u!114 &1004095251523052227
MonoBehaviour:
  m_ObjectHideFlags: 0
  m_CorrespondingSourceObject: {fileID: 0}
  m_PrefabInstance: {fileID: 0}
  m_PrefabAsset: {fileID: 0}
  m_GameObject: {fileID: 4558124496330374572}
  m_Enabled: 1
  m_EditorHideFlags: 0
  m_Script: {fileID: 11500000, guid: 816c52b73d7a1de4d8f07430f0420752, type: 3}
  m_Name: 
  m_EditorClassIdentifier: 
  partMeshType: legs
  setMaterialIndex: -1
  setMaterialIndex2: -1
  sewing: 0
--- !u!114 &1328035478801698897
MonoBehaviour:
  m_ObjectHideFlags: 0
  m_CorrespondingSourceObject: {fileID: 0}
  m_PrefabInstance: {fileID: 0}
  m_PrefabAsset: {fileID: 0}
  m_GameObject: {fileID: 4654186628190805522}
  m_Enabled: 1
  m_EditorHideFlags: 0
  m_Script: {fileID: 11500000, guid: 816c52b73d7a1de4d8f07430f0420752, type: 3}
  m_Name: 
  m_EditorClassIdentifier: 
  partMeshType: legs2
  setMaterialIndex: -1
  setMaterialIndex2: -1
  sewing: 0
--- !u!114 &2624261236076916081
MonoBehaviour:
  m_ObjectHideFlags: 0
  m_CorrespondingSourceObject: {fileID: 0}
  m_PrefabInstance: {fileID: 0}
  m_PrefabAsset: {fileID: 0}
  m_GameObject: {fileID: 4875838104313397072}
  m_Enabled: 1
  m_EditorHideFlags: 0
  m_Script: {fileID: 11500000, guid: 816c52b73d7a1de4d8f07430f0420752, type: 3}
  m_Name: 
  m_EditorClassIdentifier: 
  partMeshType: legs2
  setMaterialIndex: -1
  setMaterialIndex2: -1
  sewing: 0
--- !u!114 &4729585398270339900
MonoBehaviour:
  m_ObjectHideFlags: 0
  m_CorrespondingSourceObject: {fileID: 0}
  m_PrefabInstance: {fileID: 0}
  m_PrefabAsset: {fileID: 0}
  m_GameObject: {fileID: 5443303760417475262}
  m_Enabled: 1
  m_EditorHideFlags: 0
  m_Script: {fileID: 11500000, guid: 816c52b73d7a1de4d8f07430f0420752, type: 3}
  m_Name: 
  m_EditorClassIdentifier: 
  partMeshType: legs2
  setMaterialIndex: -1
  setMaterialIndex2: -1
  sewing: 0
--- !u!114 &6176024389105607242
MonoBehaviour:
  m_ObjectHideFlags: 0
  m_CorrespondingSourceObject: {fileID: 0}
  m_PrefabInstance: {fileID: 0}
  m_PrefabAsset: {fileID: 0}
  m_GameObject: {fileID: 5902925485237808251}
  m_Enabled: 1
  m_EditorHideFlags: 0
  m_Script: {fileID: 11500000, guid: 816c52b73d7a1de4d8f07430f0420752, type: 3}
  m_Name: 
  m_EditorClassIdentifier: 
  partMeshType: legs2
  setMaterialIndex: -1
  setMaterialIndex2: -1
  sewing: 0
--- !u!114 &5244693987262473125
MonoBehaviour:
  m_ObjectHideFlags: 0
  m_CorrespondingSourceObject: {fileID: 0}
  m_PrefabInstance: {fileID: 0}
  m_PrefabAsset: {fileID: 0}
  m_GameObject: {fileID: 6029085109731253034}
  m_Enabled: 1
  m_EditorHideFlags: 0
  m_Script: {fileID: 11500000, guid: 298df71d7d1c94f47a9df2b26686031c, type: 3}
  m_Name: 
  m_EditorClassIdentifier: 
  type: 1
  connection: l
  allowedCategories: []
  disallowedCategories: []
  partPointGUI: {fileID: 0}
  activateOnDisconnect: []
  connectedTo: {fileID: 0}
  part: {fileID: 0}
--- !u!114 &138897469405385762
MonoBehaviour:
  m_ObjectHideFlags: 0
  m_CorrespondingSourceObject: {fileID: 0}
  m_PrefabInstance: {fileID: 0}
  m_PrefabAsset: {fileID: 0}
  m_GameObject: {fileID: 6988231346341284141}
  m_Enabled: 1
  m_EditorHideFlags: 0
  m_Script: {fileID: 11500000, guid: 298df71d7d1c94f47a9df2b26686031c, type: 3}
  m_Name: 
  m_EditorClassIdentifier: 
  type: 0
  connection: l
  allowedCategories: []
  disallowedCategories: []
  partPointGUI: {fileID: 0}
  activateOnDisconnect: []
  connectedTo: {fileID: 0}
  part: {fileID: 0}
--- !u!64 &3784944652577188645
MeshCollider:
  m_ObjectHideFlags: 0
  m_CorrespondingSourceObject: {fileID: 0}
  m_PrefabInstance: {fileID: 0}
  m_PrefabAsset: {fileID: 0}
  m_GameObject: {fileID: 8266705806626763635}
  m_Material: {fileID: 0}
  m_IsTrigger: 0
  m_Enabled: 1
  serializedVersion: 3
  m_Convex: 0
  m_CookingOptions: 14
  m_Mesh: {fileID: 9132990513166027037, guid: a7fbb88fe9b8b1b409a892bc802df244, type: 3}
--- !u!114 &4256420191009432263
MonoBehaviour:
  m_ObjectHideFlags: 0
  m_CorrespondingSourceObject: {fileID: 0}
  m_PrefabInstance: {fileID: 0}
  m_PrefabAsset: {fileID: 0}
  m_GameObject: {fileID: 8266705806626763635}
  m_Enabled: 1
  m_EditorHideFlags: 0
  m_Script: {fileID: 11500000, guid: 816c52b73d7a1de4d8f07430f0420752, type: 3}
  m_Name: 
  m_EditorClassIdentifier: 
  partMeshType: main
  setMaterialIndex: -1
  setMaterialIndex2: -1
  sewing: 0
--- !u!114 &9027970001570322517
MonoBehaviour:
  m_ObjectHideFlags: 0
  m_CorrespondingSourceObject: {fileID: 0}
  m_PrefabInstance: {fileID: 0}
  m_PrefabAsset: {fileID: 0}
  m_GameObject: {fileID: 8266705806626763635}
  m_Enabled: 1
  m_EditorHideFlags: 0
  m_Script: {fileID: 11500000, guid: 1030b2116dfab9343be14c0d0839ab5e, type: 3}
  m_Name: 
  m_EditorClassIdentifier: 
  ActivateObject: {fileID: 2151646774401315004}
  deactivateOnStart: 0
  DeactivateObjectInsteadOfThis: {fileID: 0}
--- !u!114 &1366883591873106208
MonoBehaviour:
  m_ObjectHideFlags: 0
  m_CorrespondingSourceObject: {fileID: 0}
  m_PrefabInstance: {fileID: 0}
  m_PrefabAsset: {fileID: 0}
  m_GameObject: {fileID: 8408182161049047005}
  m_Enabled: 1
  m_EditorHideFlags: 0
  m_Script: {fileID: 11500000, guid: 816c52b73d7a1de4d8f07430f0420752, type: 3}
  m_Name: 
  m_EditorClassIdentifier: 
  partMeshType: legs
  setMaterialIndex: -1
  setMaterialIndex2: -1
  sewing: 0
--- !u!1001 &6983936912971095299
PrefabInstance:
  m_ObjectHideFlags: 0
  serializedVersion: 2
  m_Modification:
    m_TransformParent: {fileID: 6099105073362147693}
    m_Modifications:
    - target: {fileID: -927199367670048503, guid: a7fbb88fe9b8b1b409a892bc802df244,
        type: 3}
      propertyPath: m_Name
      value: LEZADLO 970x2235
      objectReference: {fileID: 0}
    - target: {fileID: -927199367670048503, guid: a7fbb88fe9b8b1b409a892bc802df244,
        type: 3}
      propertyPath: m_Layer
      value: 9
      objectReference: {fileID: 0}
    - target: {fileID: -9218654045587286994, guid: a7fbb88fe9b8b1b409a892bc802df244,
        type: 3}
      propertyPath: m_Layer
      value: 9
      objectReference: {fileID: 0}
    - target: {fileID: -2993126524078230874, guid: a7fbb88fe9b8b1b409a892bc802df244,
        type: 3}
      propertyPath: m_Layer
      value: 9
      objectReference: {fileID: 0}
    - target: {fileID: 5591074768450981843, guid: a7fbb88fe9b8b1b409a892bc802df244,
        type: 3}
      propertyPath: m_Layer
      value: 9
      objectReference: {fileID: 0}
    - target: {fileID: 3693076386223851049, guid: a7fbb88fe9b8b1b409a892bc802df244,
        type: 3}
      propertyPath: m_Layer
      value: 9
      objectReference: {fileID: 0}
    - target: {fileID: 1320347161506147952, guid: a7fbb88fe9b8b1b409a892bc802df244,
        type: 3}
      propertyPath: m_Layer
      value: 9
      objectReference: {fileID: 0}
    - target: {fileID: -4959331212695716814, guid: a7fbb88fe9b8b1b409a892bc802df244,
        type: 3}
      propertyPath: m_IsActive
      value: 0
      objectReference: {fileID: 0}
    - target: {fileID: -200477486475153985, guid: a7fbb88fe9b8b1b409a892bc802df244,
        type: 3}
      propertyPath: m_IsActive
      value: 0
      objectReference: {fileID: 0}
    - target: {fileID: -7763026264348454178, guid: a7fbb88fe9b8b1b409a892bc802df244,
        type: 3}
      propertyPath: m_Layer
      value: 9
      objectReference: {fileID: 0}
    - target: {fileID: -2391867509711887075, guid: a7fbb88fe9b8b1b409a892bc802df244,
        type: 3}
      propertyPath: m_Layer
      value: 9
      objectReference: {fileID: 0}
    - target: {fileID: -6882323167884426479, guid: a7fbb88fe9b8b1b409a892bc802df244,
        type: 3}
      propertyPath: m_IsActive
      value: 0
      objectReference: {fileID: 0}
    - target: {fileID: 2540480381908984403, guid: a7fbb88fe9b8b1b409a892bc802df244,
        type: 3}
      propertyPath: m_IsActive
      value: 0
      objectReference: {fileID: 0}
    - target: {fileID: 3530974847705444728, guid: a7fbb88fe9b8b1b409a892bc802df244,
        type: 3}
      propertyPath: m_IsActive
      value: 0
      objectReference: {fileID: 0}
    - target: {fileID: 3125940628443764669, guid: a7fbb88fe9b8b1b409a892bc802df244,
        type: 3}
      propertyPath: m_IsActive
      value: 0
      objectReference: {fileID: 0}
    - target: {fileID: 6893422832112787631, guid: a7fbb88fe9b8b1b409a892bc802df244,
        type: 3}
      propertyPath: m_Layer
      value: 9
      objectReference: {fileID: 0}
    - target: {fileID: 9016678213306713909, guid: a7fbb88fe9b8b1b409a892bc802df244,
        type: 3}
      propertyPath: m_IsActive
      value: 0
      objectReference: {fileID: 0}
    - target: {fileID: 4400428454210530814, guid: a7fbb88fe9b8b1b409a892bc802df244,
        type: 3}
      propertyPath: m_IsActive
      value: 0
      objectReference: {fileID: 0}
    - target: {fileID: 2244768005495666196, guid: a7fbb88fe9b8b1b409a892bc802df244,
        type: 3}
      propertyPath: m_IsActive
      value: 0
      objectReference: {fileID: 0}
    - target: {fileID: 5691974288900319039, guid: a7fbb88fe9b8b1b409a892bc802df244,
        type: 3}
      propertyPath: m_IsActive
      value: 0
      objectReference: {fileID: 0}
    - target: {fileID: -3824813133316705739, guid: a7fbb88fe9b8b1b409a892bc802df244,
        type: 3}
      propertyPath: m_Layer
      value: 9
      objectReference: {fileID: 0}
    - target: {fileID: -4216859302048453862, guid: a7fbb88fe9b8b1b409a892bc802df244,
        type: 3}
      propertyPath: m_LocalPosition.x
      value: 0
      objectReference: {fileID: 0}
    - target: {fileID: -4216859302048453862, guid: a7fbb88fe9b8b1b409a892bc802df244,
        type: 3}
      propertyPath: m_LocalPosition.y
      value: 0
      objectReference: {fileID: 0}
    - target: {fileID: -4216859302048453862, guid: a7fbb88fe9b8b1b409a892bc802df244,
        type: 3}
      propertyPath: m_LocalPosition.z
      value: 0
      objectReference: {fileID: 0}
    - target: {fileID: -4216859302048453862, guid: a7fbb88fe9b8b1b409a892bc802df244,
        type: 3}
      propertyPath: m_LocalRotation.x
      value: 0
      objectReference: {fileID: 0}
    - target: {fileID: -4216859302048453862, guid: a7fbb88fe9b8b1b409a892bc802df244,
        type: 3}
      propertyPath: m_LocalRotation.y
      value: 0
      objectReference: {fileID: 0}
    - target: {fileID: -4216859302048453862, guid: a7fbb88fe9b8b1b409a892bc802df244,
        type: 3}
      propertyPath: m_LocalRotation.z
      value: 0
      objectReference: {fileID: 0}
    - target: {fileID: -4216859302048453862, guid: a7fbb88fe9b8b1b409a892bc802df244,
        type: 3}
      propertyPath: m_LocalRotation.w
      value: 1
      objectReference: {fileID: 0}
    - target: {fileID: -4216859302048453862, guid: a7fbb88fe9b8b1b409a892bc802df244,
        type: 3}
      propertyPath: m_RootOrder
      value: 0
      objectReference: {fileID: 0}
    - target: {fileID: -4216859302048453862, guid: a7fbb88fe9b8b1b409a892bc802df244,
        type: 3}
      propertyPath: m_LocalEulerAnglesHint.x
      value: 0
      objectReference: {fileID: 0}
    - target: {fileID: -4216859302048453862, guid: a7fbb88fe9b8b1b409a892bc802df244,
        type: 3}
      propertyPath: m_LocalEulerAnglesHint.y
      value: 0
      objectReference: {fileID: 0}
    - target: {fileID: -4216859302048453862, guid: a7fbb88fe9b8b1b409a892bc802df244,
        type: 3}
      propertyPath: m_LocalEulerAnglesHint.z
      value: 0
      objectReference: {fileID: 0}
    - target: {fileID: -2022895753623634131, guid: a7fbb88fe9b8b1b409a892bc802df244,
        type: 3}
      propertyPath: m_Materials.Array.data[0]
      value: 
      objectReference: {fileID: 2100000, guid: ef0a40ef0c4155445bab600761bd9a08, type: 2}
    - target: {fileID: -2022895753623634131, guid: a7fbb88fe9b8b1b409a892bc802df244,
        type: 3}
      propertyPath: m_Materials.Array.data[1]
      value: 
      objectReference: {fileID: 2100000, guid: ef0a40ef0c4155445bab600761bd9a08, type: 2}
    - target: {fileID: -668680932619926437, guid: a7fbb88fe9b8b1b409a892bc802df244,
        type: 3}
      propertyPath: m_Materials.Array.data[0]
      value: 
      objectReference: {fileID: 2100000, guid: ef0a40ef0c4155445bab600761bd9a08, type: 2}
    - target: {fileID: -668680932619926437, guid: a7fbb88fe9b8b1b409a892bc802df244,
        type: 3}
      propertyPath: m_Materials.Array.data[1]
      value: 
      objectReference: {fileID: 2100000, guid: ef0a40ef0c4155445bab600761bd9a08, type: 2}
    - target: {fileID: 5296186603063011380, guid: a7fbb88fe9b8b1b409a892bc802df244,
        type: 3}
      propertyPath: m_Materials.Array.data[0]
      value: 
      objectReference: {fileID: -5687862919892516342, guid: d7193c81b3826be46ac2a5653a121785,
        type: 3}
    - target: {fileID: -5786678579769631414, guid: a7fbb88fe9b8b1b409a892bc802df244,
        type: 3}
      propertyPath: m_Materials.Array.data[0]
      value: 
      objectReference: {fileID: 2100000, guid: ef0a40ef0c4155445bab600761bd9a08, type: 2}
    - target: {fileID: -5786678579769631414, guid: a7fbb88fe9b8b1b409a892bc802df244,
        type: 3}
      propertyPath: m_Materials.Array.data[1]
      value: 
      objectReference: {fileID: 2100000, guid: ef0a40ef0c4155445bab600761bd9a08, type: 2}
    - target: {fileID: -4839725600687877863, guid: a7fbb88fe9b8b1b409a892bc802df244,
        type: 3}
      propertyPath: m_Materials.Array.data[0]
      value: 
      objectReference: {fileID: 2100000, guid: ef0a40ef0c4155445bab600761bd9a08, type: 2}
    - target: {fileID: -4839725600687877863, guid: a7fbb88fe9b8b1b409a892bc802df244,
        type: 3}
      propertyPath: m_Materials.Array.data[1]
      value: 
      objectReference: {fileID: 2100000, guid: ef0a40ef0c4155445bab600761bd9a08, type: 2}
    m_RemovedComponents: []
  m_SourcePrefab: {fileID: 100100000, guid: a7fbb88fe9b8b1b409a892bc802df244, type: 3}
--- !u!4 &2707043051946702361 stripped
Transform:
  m_CorrespondingSourceObject: {fileID: -4216859302048453862, guid: a7fbb88fe9b8b1b409a892bc802df244,
    type: 3}
  m_PrefabInstance: {fileID: 6983936912971095299}
  m_PrefabAsset: {fileID: 0}
--- !u!1 &6988231346341284141 stripped
GameObject:
  m_CorrespondingSourceObject: {fileID: -9218654045587286994, guid: a7fbb88fe9b8b1b409a892bc802df244,
    type: 3}
  m_PrefabInstance: {fileID: 6983936912971095299}
  m_PrefabAsset: {fileID: 0}
--- !u!1 &3935489487435804581 stripped
GameObject:
  m_CorrespondingSourceObject: {fileID: -2993126524078230874, guid: a7fbb88fe9b8b1b409a892bc802df244,
    type: 3}
  m_PrefabInstance: {fileID: 6983936912971095299}
  m_PrefabAsset: {fileID: 0}
--- !u!1 &3277654606171787984 stripped
GameObject:
  m_CorrespondingSourceObject: {fileID: 5591074768450981843, guid: a7fbb88fe9b8b1b409a892bc802df244,
    type: 3}
  m_PrefabInstance: {fileID: 6983936912971095299}
  m_PrefabAsset: {fileID: 0}
--- !u!1 &6029085109731253034 stripped
GameObject:
  m_CorrespondingSourceObject: {fileID: 3693076386223851049, guid: a7fbb88fe9b8b1b409a892bc802df244,
    type: 3}
  m_PrefabInstance: {fileID: 6983936912971095299}
  m_PrefabAsset: {fileID: 0}
--- !u!1 &8266705806626763635 stripped
GameObject:
  m_CorrespondingSourceObject: {fileID: 1320347161506147952, guid: a7fbb88fe9b8b1b409a892bc802df244,
    type: 3}
  m_PrefabInstance: {fileID: 6983936912971095299}
  m_PrefabAsset: {fileID: 0}
--- !u!1 &2151646774401315004 stripped
GameObject:
  m_CorrespondingSourceObject: {fileID: -200477486475153985, guid: a7fbb88fe9b8b1b409a892bc802df244,
    type: 3}
  m_PrefabInstance: {fileID: 6983936912971095299}
  m_PrefabAsset: {fileID: 0}
--- !u!1 &8408182161049047005 stripped
GameObject:
  m_CorrespondingSourceObject: {fileID: -7763026264348454178, guid: a7fbb88fe9b8b1b409a892bc802df244,
    type: 3}
  m_PrefabInstance: {fileID: 6983936912971095299}
  m_PrefabAsset: {fileID: 0}
--- !u!1 &4478140102814627870 stripped
GameObject:
  m_CorrespondingSourceObject: {fileID: -2391867509711887075, guid: a7fbb88fe9b8b1b409a892bc802df244,
    type: 3}
  m_PrefabInstance: {fileID: 6983936912971095299}
  m_PrefabAsset: {fileID: 0}
--- !u!1 &4654186628190805522 stripped
GameObject:
  m_CorrespondingSourceObject: {fileID: -6882323167884426479, guid: a7fbb88fe9b8b1b409a892bc802df244,
    type: 3}
  m_PrefabInstance: {fileID: 6983936912971095299}
  m_PrefabAsset: {fileID: 0}
--- !u!1 &4875838104313397072 stripped
GameObject:
  m_CorrespondingSourceObject: {fileID: 2540480381908984403, guid: a7fbb88fe9b8b1b409a892bc802df244,
    type: 3}
  m_PrefabInstance: {fileID: 6983936912971095299}
  m_PrefabAsset: {fileID: 0}
--- !u!1 &5902925485237808251 stripped
GameObject:
  m_CorrespondingSourceObject: {fileID: 3530974847705444728, guid: a7fbb88fe9b8b1b409a892bc802df244,
    type: 3}
  m_PrefabInstance: {fileID: 6983936912971095299}
  m_PrefabAsset: {fileID: 0}
--- !u!1 &5443303760417475262 stripped
GameObject:
  m_CorrespondingSourceObject: {fileID: 3125940628443764669, guid: a7fbb88fe9b8b1b409a892bc802df244,
    type: 3}
  m_PrefabInstance: {fileID: 6983936912971095299}
  m_PrefabAsset: {fileID: 0}
--- !u!1 &4558124496330374572 stripped
GameObject:
  m_CorrespondingSourceObject: {fileID: 6893422832112787631, guid: a7fbb88fe9b8b1b409a892bc802df244,
    type: 3}
  m_PrefabInstance: {fileID: 6983936912971095299}
  m_PrefabAsset: {fileID: 0}
--- !u!1 &3026530167754977078 stripped
GameObject:
  m_CorrespondingSourceObject: {fileID: -3824813133316705739, guid: a7fbb88fe9b8b1b409a892bc802df244,
    type: 3}
  m_PrefabInstance: {fileID: 6983936912971095299}
  m_PrefabAsset: {fileID: 0}
