%YAML 1.1
%TAG !u! tag:unity3d.com,2011:
--- !u!1 &3941201162069088820
GameObject:
  m_ObjectHideFlags: 0
  m_CorrespondingSourceObject: {fileID: 0}
  m_PrefabInstance: {fileID: 0}
  m_PrefabAsset: {fileID: 0}
  serializedVersion: 6
  m_Component:
  - component: {fileID: 3878811776630828024}
  - component: {fileID: 2957397191382195132}
  m_Layer: 9
  m_Name: roh
  m_TagString: Untagged
  m_Icon: {fileID: 0}
  m_NavMeshLayer: 0
  m_StaticEditorFlags: 0
  m_IsActive: 1
--- !u!4 &3878811776630828024
Transform:
  m_ObjectHideFlags: 0
  m_CorrespondingSourceObject: {fileID: 0}
  m_PrefabInstance: {fileID: 0}
  m_PrefabAsset: {fileID: 0}
  m_GameObject: {fileID: 3941201162069088820}
  m_LocalRotation: {x: 0, y: 1, z: 0, w: 0}
  m_LocalPosition: {x: 0, y: 0, z: 0}
  m_LocalScale: {x: 1, y: 1, z: 1}
  m_Children:
  - {fileID: 4347990370281813129}
  m_Father: {fileID: 0}
  m_RootOrder: 0
  m_LocalEulerAnglesHint: {x: 0, y: 180, z: 0}
--- !u!114 &2957397191382195132
MonoBehaviour:
  m_ObjectHideFlags: 0
  m_CorrespondingSourceObject: {fileID: 0}
  m_PrefabInstance: {fileID: 0}
  m_PrefabAsset: {fileID: 0}
  m_GameObject: {fileID: 3941201162069088820}
  m_Enabled: 1
  m_EditorHideFlags: 0
  m_Script: {fileID: 11500000, guid: de305606890b87e42a58c187eba6fe10, type: 3}
  m_Name: 
  m_EditorClassIdentifier: 
  partName: Roh
  partDescription: 
  dimensions: {x: 0.95, y: 0, z: 0.95}
  image: {fileID: 21300000, guid: 7579e52882899cb469fdfc47a36d8c03, type: 3}
  type: 0
  partPoints:
  - {fileID: 396569873714213029}
  - {fileID: 6669259974485402429}
  canBeStandalone: 1
  OnPartPointConnect:
    m_PersistentCalls:
      m_Calls: []
    m_TypeName: UnityEngine.Events.UnityEvent, UnityEngine.CoreModule, Version=0.0.0.0,
      Culture=neutral, PublicKeyToken=null
--- !u!64 &7890396047338413618
MeshCollider:
  m_ObjectHideFlags: 0
  m_CorrespondingSourceObject: {fileID: 0}
  m_PrefabInstance: {fileID: 0}
  m_PrefabAsset: {fileID: 0}
  m_GameObject: {fileID: 4347990370281384097}
  m_Material: {fileID: 0}
  m_IsTrigger: 0
  m_Enabled: 1
  serializedVersion: 3
  m_Convex: 0
  m_CookingOptions: 14
  m_Mesh: {fileID: 4300006, guid: 602074763c18c354b879892ea1de77fb, type: 3}
--- !u!114 &638018356057629859
MonoBehaviour:
  m_ObjectHideFlags: 0
  m_CorrespondingSourceObject: {fileID: 0}
  m_PrefabInstance: {fileID: 0}
  m_PrefabAsset: {fileID: 0}
  m_GameObject: {fileID: 4347990370281384097}
  m_Enabled: 1
  m_EditorHideFlags: 0
  m_Script: {fileID: 11500000, guid: 8ff23e8d62479ff46bcdd5e0aaed1393, type: 3}
  m_Name: 
  m_EditorClassIdentifier: 
  rotationOpen: {x: 65, y: 0, z: 0}
  rotationClosed: {x: 0, y: 0, z: 0}
  speed: 2
--- !u!114 &8323503605308596828
MonoBehaviour:
  m_ObjectHideFlags: 0
  m_CorrespondingSourceObject: {fileID: 0}
  m_PrefabInstance: {fileID: 0}
  m_PrefabAsset: {fileID: 0}
  m_GameObject: {fileID: 4347990370281384097}
  m_Enabled: 1
  m_EditorHideFlags: 0
  m_Script: {fileID: 11500000, guid: 816c52b73d7a1de4d8f07430f0420752, type: 3}
  m_Name: 
  m_EditorClassIdentifier: 
  partMeshType: main
  setMaterialIndex: -1
--- !u!64 &2657732944350555001
MeshCollider:
  m_ObjectHideFlags: 0
  m_CorrespondingSourceObject: {fileID: 0}
  m_PrefabInstance: {fileID: 0}
  m_PrefabAsset: {fileID: 0}
  m_GameObject: {fileID: 4347990370281384099}
  m_Material: {fileID: 0}
  m_IsTrigger: 0
  m_Enabled: 1
  serializedVersion: 3
  m_Convex: 0
  m_CookingOptions: 14
  m_Mesh: {fileID: 4300008, guid: 602074763c18c354b879892ea1de77fb, type: 3}
--- !u!114 &1478158579404729182
MonoBehaviour:
  m_ObjectHideFlags: 0
  m_CorrespondingSourceObject: {fileID: 0}
  m_PrefabInstance: {fileID: 0}
  m_PrefabAsset: {fileID: 0}
  m_GameObject: {fileID: 4347990370281384099}
  m_Enabled: 1
  m_EditorHideFlags: 0
  m_Script: {fileID: 11500000, guid: 816c52b73d7a1de4d8f07430f0420752, type: 3}
  m_Name: 
  m_EditorClassIdentifier: 
  partMeshType: main
  setMaterialIndex: -1
--- !u!114 &4222357160844438548
MonoBehaviour:
  m_ObjectHideFlags: 0
  m_CorrespondingSourceObject: {fileID: 0}
  m_PrefabInstance: {fileID: 0}
  m_PrefabAsset: {fileID: 0}
  m_GameObject: {fileID: 4347990370281384099}
  m_Enabled: 1
  m_EditorHideFlags: 0
  m_Script: {fileID: 11500000, guid: 8ff23e8d62479ff46bcdd5e0aaed1393, type: 3}
  m_Name: 
  m_EditorClassIdentifier: 
  rotationOpen: {x: 65, y: 90, z: 0}
  rotationClosed: {x: 0, y: 90, z: 0}
  speed: 2
--- !u!64 &8109395607309055410
MeshCollider:
  m_ObjectHideFlags: 0
  m_CorrespondingSourceObject: {fileID: 0}
  m_PrefabInstance: {fileID: 0}
  m_PrefabAsset: {fileID: 0}
  m_GameObject: {fileID: 4347990370281384107}
  m_Material: {fileID: 0}
  m_IsTrigger: 0
  m_Enabled: 1
  serializedVersion: 3
  m_Convex: 0
  m_CookingOptions: 14
  m_Mesh: {fileID: 4300000, guid: 602074763c18c354b879892ea1de77fb, type: 3}
--- !u!114 &4341619240700513853
MonoBehaviour:
  m_ObjectHideFlags: 0
  m_CorrespondingSourceObject: {fileID: 0}
  m_PrefabInstance: {fileID: 0}
  m_PrefabAsset: {fileID: 0}
  m_GameObject: {fileID: 4347990370281384107}
  m_Enabled: 1
  m_EditorHideFlags: 0
  m_Script: {fileID: 11500000, guid: 816c52b73d7a1de4d8f07430f0420752, type: 3}
  m_Name: 
  m_EditorClassIdentifier: 
  partMeshType: main
  setMaterialIndex: -1
--- !u!114 &396569873714213029
MonoBehaviour:
  m_ObjectHideFlags: 0
  m_CorrespondingSourceObject: {fileID: 0}
  m_PrefabInstance: {fileID: 0}
  m_PrefabAsset: {fileID: 0}
  m_GameObject: {fileID: 4347990370281384109}
  m_Enabled: 1
  m_EditorHideFlags: 0
  m_Script: {fileID: 11500000, guid: 298df71d7d1c94f47a9df2b26686031c, type: 3}
  m_Name: 
  m_EditorClassIdentifier: 
  type: 0
  connection: l
  partPointGUI: {fileID: 0}
  activateOnDisconnect:
  - {fileID: 4347990370281384125}
  connectedTo: {fileID: 0}
  part: {fileID: 0}
--- !u!114 &6669259974485402429
MonoBehaviour:
  m_ObjectHideFlags: 0
  m_CorrespondingSourceObject: {fileID: 0}
  m_PrefabInstance: {fileID: 0}
  m_PrefabAsset: {fileID: 0}
  m_GameObject: {fileID: 4347990370281384111}
  m_Enabled: 1
  m_EditorHideFlags: 0
  m_Script: {fileID: 11500000, guid: 298df71d7d1c94f47a9df2b26686031c, type: 3}
  m_Name: 
  m_EditorClassIdentifier: 
  type: 0
  connection: r
  partPointGUI: {fileID: 0}
  activateOnDisconnect:
  - {fileID: 4347990370281384121}
  connectedTo: {fileID: 0}
  part: {fileID: 0}
--- !u!114 &2365556555088635124
MonoBehaviour:
  m_ObjectHideFlags: 0
  m_CorrespondingSourceObject: {fileID: 0}
  m_PrefabInstance: {fileID: 0}
  m_PrefabAsset: {fileID: 0}
  m_GameObject: {fileID: 4347990370281384121}
  m_Enabled: 1
  m_EditorHideFlags: 0
  m_Script: {fileID: 11500000, guid: 816c52b73d7a1de4d8f07430f0420752, type: 3}
  m_Name: 
  m_EditorClassIdentifier: 
  partMeshType: legs
  setMaterialIndex: -1
--- !u!114 &5852862749950307533
MonoBehaviour:
  m_ObjectHideFlags: 0
  m_CorrespondingSourceObject: {fileID: 0}
  m_PrefabInstance: {fileID: 0}
  m_PrefabAsset: {fileID: 0}
  m_GameObject: {fileID: 4347990370281384125}
  m_Enabled: 1
  m_EditorHideFlags: 0
  m_Script: {fileID: 11500000, guid: 816c52b73d7a1de4d8f07430f0420752, type: 3}
  m_Name: 
  m_EditorClassIdentifier: 
  partMeshType: legs
  setMaterialIndex: -1
--- !u!114 &1338144927358227944
MonoBehaviour:
  m_ObjectHideFlags: 0
  m_CorrespondingSourceObject: {fileID: 0}
  m_PrefabInstance: {fileID: 0}
  m_PrefabAsset: {fileID: 0}
  m_GameObject: {fileID: 4347990370281384127}
  m_Enabled: 1
  m_EditorHideFlags: 0
  m_Script: {fileID: 11500000, guid: 816c52b73d7a1de4d8f07430f0420752, type: 3}
  m_Name: 
  m_EditorClassIdentifier: 
  partMeshType: legs
  setMaterialIndex: -1
--- !u!1001 &4347990370281418253
PrefabInstance:
  m_ObjectHideFlags: 0
  serializedVersion: 2
  m_Modification:
    m_TransformParent: {fileID: 3878811776630828024}
    m_Modifications:
    - target: {fileID: 100004, guid: 602074763c18c354b879892ea1de77fb, type: 3}
      propertyPath: m_Name
      value: roh
      objectReference: {fileID: 0}
    - target: {fileID: 100004, guid: 602074763c18c354b879892ea1de77fb, type: 3}
      propertyPath: m_Layer
      value: 9
      objectReference: {fileID: 0}
    - target: {fileID: 100000, guid: 602074763c18c354b879892ea1de77fb, type: 3}
      propertyPath: m_Layer
      value: 9
      objectReference: {fileID: 0}
    - target: {fileID: 100002, guid: 602074763c18c354b879892ea1de77fb, type: 3}
      propertyPath: m_Layer
      value: 9
      objectReference: {fileID: 0}
    - target: {fileID: 100016, guid: 602074763c18c354b879892ea1de77fb, type: 3}
      propertyPath: m_Layer
      value: 9
      objectReference: {fileID: 0}
    - target: {fileID: 100018, guid: 602074763c18c354b879892ea1de77fb, type: 3}
      propertyPath: m_Layer
      value: 9
      objectReference: {fileID: 0}
    - target: {fileID: 100020, guid: 602074763c18c354b879892ea1de77fb, type: 3}
      propertyPath: m_Layer
      value: 9
      objectReference: {fileID: 0}
    - target: {fileID: 100012, guid: 602074763c18c354b879892ea1de77fb, type: 3}
      propertyPath: m_Layer
      value: 9
      objectReference: {fileID: 0}
    - target: {fileID: 100014, guid: 602074763c18c354b879892ea1de77fb, type: 3}
      propertyPath: m_Layer
      value: 9
      objectReference: {fileID: 0}
    - target: {fileID: 100006, guid: 602074763c18c354b879892ea1de77fb, type: 3}
      propertyPath: m_Layer
      value: 9
      objectReference: {fileID: 0}
    - target: {fileID: 400004, guid: 602074763c18c354b879892ea1de77fb, type: 3}
      propertyPath: m_LocalPosition.x
      value: 0
      objectReference: {fileID: 0}
    - target: {fileID: 400004, guid: 602074763c18c354b879892ea1de77fb, type: 3}
      propertyPath: m_LocalPosition.y
      value: 0
      objectReference: {fileID: 0}
    - target: {fileID: 400004, guid: 602074763c18c354b879892ea1de77fb, type: 3}
      propertyPath: m_LocalPosition.z
      value: 0
      objectReference: {fileID: 0}
    - target: {fileID: 400004, guid: 602074763c18c354b879892ea1de77fb, type: 3}
      propertyPath: m_LocalRotation.x
      value: 0
      objectReference: {fileID: 0}
    - target: {fileID: 400004, guid: 602074763c18c354b879892ea1de77fb, type: 3}
      propertyPath: m_LocalRotation.y
      value: 0
      objectReference: {fileID: 0}
    - target: {fileID: 400004, guid: 602074763c18c354b879892ea1de77fb, type: 3}
      propertyPath: m_LocalRotation.z
      value: 0
      objectReference: {fileID: 0}
    - target: {fileID: 400004, guid: 602074763c18c354b879892ea1de77fb, type: 3}
      propertyPath: m_LocalRotation.w
      value: 1
      objectReference: {fileID: 0}
    - target: {fileID: 400004, guid: 602074763c18c354b879892ea1de77fb, type: 3}
      propertyPath: m_RootOrder
      value: 0
      objectReference: {fileID: 0}
    - target: {fileID: 400004, guid: 602074763c18c354b879892ea1de77fb, type: 3}
      propertyPath: m_LocalEulerAnglesHint.x
      value: 0
      objectReference: {fileID: 0}
    - target: {fileID: 400004, guid: 602074763c18c354b879892ea1de77fb, type: 3}
      propertyPath: m_LocalEulerAnglesHint.y
      value: 0
      objectReference: {fileID: 0}
    - target: {fileID: 400004, guid: 602074763c18c354b879892ea1de77fb, type: 3}
      propertyPath: m_LocalEulerAnglesHint.z
      value: 0
      objectReference: {fileID: 0}
    - target: {fileID: 400014, guid: 602074763c18c354b879892ea1de77fb, type: 3}
      propertyPath: m_LocalRotation.x
      value: 0
      objectReference: {fileID: 0}
    - target: {fileID: 400014, guid: 602074763c18c354b879892ea1de77fb, type: 3}
      propertyPath: m_LocalRotation.y
      value: 0.7071068
      objectReference: {fileID: 0}
    - target: {fileID: 400014, guid: 602074763c18c354b879892ea1de77fb, type: 3}
      propertyPath: m_LocalRotation.z
      value: 0
      objectReference: {fileID: 0}
    - target: {fileID: 400014, guid: 602074763c18c354b879892ea1de77fb, type: 3}
      propertyPath: m_LocalRotation.w
      value: 0.70710677
      objectReference: {fileID: 0}
    - target: {fileID: 400014, guid: 602074763c18c354b879892ea1de77fb, type: 3}
      propertyPath: m_LocalEulerAnglesHint.x
      value: 0
      objectReference: {fileID: 0}
    - target: {fileID: 400014, guid: 602074763c18c354b879892ea1de77fb, type: 3}
      propertyPath: m_LocalEulerAnglesHint.y
      value: 90.00001
      objectReference: {fileID: 0}
    - target: {fileID: 2300004, guid: 602074763c18c354b879892ea1de77fb, type: 3}
      propertyPath: m_Materials.Array.data[0]
      value: 
      objectReference: {fileID: 2100000, guid: 1c67c815f66d9d342a73b6552979ff21, type: 2}
    - target: {fileID: 2300002, guid: 602074763c18c354b879892ea1de77fb, type: 3}
      propertyPath: m_Materials.Array.data[0]
      value: 
      objectReference: {fileID: 2100000, guid: 1c67c815f66d9d342a73b6552979ff21, type: 2}
    m_RemovedComponents: []
  m_SourcePrefab: {fileID: 100100000, guid: 602074763c18c354b879892ea1de77fb, type: 3}
--- !u!4 &4347990370281813129 stripped
Transform:
  m_CorrespondingSourceObject: {fileID: 400004, guid: 602074763c18c354b879892ea1de77fb,
    type: 3}
  m_PrefabInstance: {fileID: 4347990370281418253}
  m_PrefabAsset: {fileID: 0}
--- !u!1 &4347990370281384109 stripped
GameObject:
  m_CorrespondingSourceObject: {fileID: 100000, guid: 602074763c18c354b879892ea1de77fb,
    type: 3}
  m_PrefabInstance: {fileID: 4347990370281418253}
  m_PrefabAsset: {fileID: 0}
--- !u!1 &4347990370281384111 stripped
GameObject:
  m_CorrespondingSourceObject: {fileID: 100002, guid: 602074763c18c354b879892ea1de77fb,
    type: 3}
  m_PrefabInstance: {fileID: 4347990370281418253}
  m_PrefabAsset: {fileID: 0}
--- !u!1 &4347990370281384125 stripped
GameObject:
  m_CorrespondingSourceObject: {fileID: 100016, guid: 602074763c18c354b879892ea1de77fb,
    type: 3}
  m_PrefabInstance: {fileID: 4347990370281418253}
  m_PrefabAsset: {fileID: 0}
--- !u!1 &4347990370281384127 stripped
GameObject:
  m_CorrespondingSourceObject: {fileID: 100018, guid: 602074763c18c354b879892ea1de77fb,
    type: 3}
  m_PrefabInstance: {fileID: 4347990370281418253}
  m_PrefabAsset: {fileID: 0}
--- !u!1 &4347990370281384121 stripped
GameObject:
  m_CorrespondingSourceObject: {fileID: 100020, guid: 602074763c18c354b879892ea1de77fb,
    type: 3}
  m_PrefabInstance: {fileID: 4347990370281418253}
  m_PrefabAsset: {fileID: 0}
--- !u!1 &4347990370281384097 stripped
GameObject:
  m_CorrespondingSourceObject: {fileID: 100012, guid: 602074763c18c354b879892ea1de77fb,
    type: 3}
  m_PrefabInstance: {fileID: 4347990370281418253}
  m_PrefabAsset: {fileID: 0}
--- !u!1 &4347990370281384099 stripped
GameObject:
  m_CorrespondingSourceObject: {fileID: 100014, guid: 602074763c18c354b879892ea1de77fb,
    type: 3}
  m_PrefabInstance: {fileID: 4347990370281418253}
  m_PrefabAsset: {fileID: 0}
--- !u!1 &4347990370281384107 stripped
GameObject:
  m_CorrespondingSourceObject: {fileID: 100006, guid: 602074763c18c354b879892ea1de77fb,
    type: 3}
  m_PrefabInstance: {fileID: 4347990370281418253}
  m_PrefabAsset: {fileID: 0}
