%YAML 1.1
%TAG !u! tag:unity3d.com,2011:
--- !u!1 &3941201162069088820
GameObject:
  m_ObjectHideFlags: 0
  m_CorrespondingSourceObject: {fileID: 0}
  m_PrefabInstance: {fileID: 0}
  m_PrefabAsset: {fileID: 0}
  serializedVersion: 6
  m_Component:
  - component: {fileID: 3878811776630828024}
  - component: {fileID: 2957397191382195132}
  m_Layer: 9
  m_Name: ukoncenie
  m_TagString: Untagged
  m_Icon: {fileID: 0}
  m_NavMeshLayer: 0
  m_StaticEditorFlags: 0
  m_IsActive: 1
--- !u!4 &3878811776630828024
Transform:
  m_ObjectHideFlags: 0
  m_CorrespondingSourceObject: {fileID: 0}
  m_PrefabInstance: {fileID: 0}
  m_PrefabAsset: {fileID: 0}
  m_GameObject: {fileID: 3941201162069088820}
  m_LocalRotation: {x: 0, y: 1, z: 0, w: 0}
  m_LocalPosition: {x: 0, y: 0, z: 0}
  m_LocalScale: {x: 1, y: 1, z: 1}
  m_Children:
  - {fileID: 5273101065909571233}
  m_Father: {fileID: 0}
  m_RootOrder: 0
  m_LocalEulerAnglesHint: {x: 0, y: 180, z: 0}
--- !u!114 &2957397191382195132
MonoBehaviour:
  m_ObjectHideFlags: 0
  m_CorrespondingSourceObject: {fileID: 0}
  m_PrefabInstance: {fileID: 0}
  m_PrefabAsset: {fileID: 0}
  m_GameObject: {fileID: 3941201162069088820}
  m_Enabled: 1
  m_EditorHideFlags: 0
  m_Script: {fileID: 11500000, guid: de305606890b87e42a58c187eba6fe10, type: 3}
  m_Name: 
  m_EditorClassIdentifier: 
  partName: "Otoman \u013D"
  partDescription: 
  dimensions: {x: 1.1, y: 0, z: 0.95}
  image: {fileID: 21300000, guid: 74ff57dd4da93e44d9a3a2a5b486c54b, type: 3}
  type: 0
  partPoints:
  - {fileID: 8683448544282480594}
  canBeStandalone: 1
  OnPartPointConnect:
    m_PersistentCalls:
      m_Calls: []
    m_TypeName: UnityEngine.Events.UnityEvent, UnityEngine.CoreModule, Version=0.0.0.0,
      Culture=neutral, PublicKeyToken=null
--- !u!114 &8683448544282480594
MonoBehaviour:
  m_ObjectHideFlags: 0
  m_CorrespondingSourceObject: {fileID: 0}
  m_PrefabInstance: {fileID: 0}
  m_PrefabAsset: {fileID: 0}
  m_GameObject: {fileID: 5273101065909277315}
  m_Enabled: 1
  m_EditorHideFlags: 0
  m_Script: {fileID: 11500000, guid: 298df71d7d1c94f47a9df2b26686031c, type: 3}
  m_Name: 
  m_EditorClassIdentifier: 
  type: 0
  connection: r
  partPointGUI: {fileID: 0}
  activateOnDisconnect:
  - {fileID: 5273101065909277325}
  - {fileID: 5273101065909277329}
  connectedTo: {fileID: 0}
  part: {fileID: 0}
--- !u!64 &6343862322648021562
MeshCollider:
  m_ObjectHideFlags: 0
  m_CorrespondingSourceObject: {fileID: 0}
  m_PrefabInstance: {fileID: 0}
  m_PrefabAsset: {fileID: 0}
  m_GameObject: {fileID: 5273101065909277319}
  m_Material: {fileID: 0}
  m_IsTrigger: 0
  m_Enabled: 1
  serializedVersion: 3
  m_Convex: 0
  m_CookingOptions: 14
  m_Mesh: {fileID: 4300000, guid: 28b96c177644429438c741be4ef1c62a, type: 3}
--- !u!114 &8843702073362921106
MonoBehaviour:
  m_ObjectHideFlags: 0
  m_CorrespondingSourceObject: {fileID: 0}
  m_PrefabInstance: {fileID: 0}
  m_PrefabAsset: {fileID: 0}
  m_GameObject: {fileID: 5273101065909277319}
  m_Enabled: 1
  m_EditorHideFlags: 0
  m_Script: {fileID: 11500000, guid: 816c52b73d7a1de4d8f07430f0420752, type: 3}
  m_Name: 
  m_EditorClassIdentifier: 
  partMeshType: main
  setMaterialIndex: -1
--- !u!64 &6690863090671648662
MeshCollider:
  m_ObjectHideFlags: 0
  m_CorrespondingSourceObject: {fileID: 0}
  m_PrefabInstance: {fileID: 0}
  m_PrefabAsset: {fileID: 0}
  m_GameObject: {fileID: 5273101065909277321}
  m_Material: {fileID: 0}
  m_IsTrigger: 0
  m_Enabled: 1
  serializedVersion: 3
  m_Convex: 0
  m_CookingOptions: 14
  m_Mesh: {fileID: 4300006, guid: 28b96c177644429438c741be4ef1c62a, type: 3}
--- !u!114 &3271266111235298224
MonoBehaviour:
  m_ObjectHideFlags: 0
  m_CorrespondingSourceObject: {fileID: 0}
  m_PrefabInstance: {fileID: 0}
  m_PrefabAsset: {fileID: 0}
  m_GameObject: {fileID: 5273101065909277321}
  m_Enabled: 1
  m_EditorHideFlags: 0
  m_Script: {fileID: 11500000, guid: 816c52b73d7a1de4d8f07430f0420752, type: 3}
  m_Name: 
  m_EditorClassIdentifier: 
  partMeshType: main
  setMaterialIndex: -1
--- !u!114 &7260774927323470245
MonoBehaviour:
  m_ObjectHideFlags: 0
  m_CorrespondingSourceObject: {fileID: 0}
  m_PrefabInstance: {fileID: 0}
  m_PrefabAsset: {fileID: 0}
  m_GameObject: {fileID: 5273101065909277321}
  m_Enabled: 1
  m_EditorHideFlags: 0
  m_Script: {fileID: 11500000, guid: 8ff23e8d62479ff46bcdd5e0aaed1393, type: 3}
  m_Name: 
  m_EditorClassIdentifier: 
  rotationOpen: {x: 65, y: 0, z: 0}
  rotationClosed: {x: 0, y: 0, z: 0}
  speed: 2
--- !u!114 &8249711123887900000
MonoBehaviour:
  m_ObjectHideFlags: 0
  m_CorrespondingSourceObject: {fileID: 0}
  m_PrefabInstance: {fileID: 0}
  m_PrefabAsset: {fileID: 0}
  m_GameObject: {fileID: 5273101065909277325}
  m_Enabled: 1
  m_EditorHideFlags: 0
  m_Script: {fileID: 11500000, guid: 816c52b73d7a1de4d8f07430f0420752, type: 3}
  m_Name: 
  m_EditorClassIdentifier: 
  partMeshType: legs
  setMaterialIndex: -1
--- !u!114 &268318510909005538
MonoBehaviour:
  m_ObjectHideFlags: 0
  m_CorrespondingSourceObject: {fileID: 0}
  m_PrefabInstance: {fileID: 0}
  m_PrefabAsset: {fileID: 0}
  m_GameObject: {fileID: 5273101065909277327}
  m_Enabled: 1
  m_EditorHideFlags: 0
  m_Script: {fileID: 11500000, guid: 816c52b73d7a1de4d8f07430f0420752, type: 3}
  m_Name: 
  m_EditorClassIdentifier: 
  partMeshType: legs
  setMaterialIndex: -1
--- !u!114 &1021639056216229295
MonoBehaviour:
  m_ObjectHideFlags: 0
  m_CorrespondingSourceObject: {fileID: 0}
  m_PrefabInstance: {fileID: 0}
  m_PrefabAsset: {fileID: 0}
  m_GameObject: {fileID: 5273101065909277329}
  m_Enabled: 1
  m_EditorHideFlags: 0
  m_Script: {fileID: 11500000, guid: 816c52b73d7a1de4d8f07430f0420752, type: 3}
  m_Name: 
  m_EditorClassIdentifier: 
  partMeshType: legs
  setMaterialIndex: -1
--- !u!114 &2850683613582831673
MonoBehaviour:
  m_ObjectHideFlags: 0
  m_CorrespondingSourceObject: {fileID: 0}
  m_PrefabInstance: {fileID: 0}
  m_PrefabAsset: {fileID: 0}
  m_GameObject: {fileID: 5273101065909277331}
  m_Enabled: 1
  m_EditorHideFlags: 0
  m_Script: {fileID: 11500000, guid: 816c52b73d7a1de4d8f07430f0420752, type: 3}
  m_Name: 
  m_EditorClassIdentifier: 
  partMeshType: legs
  setMaterialIndex: -1
--- !u!1001 &5273101065909179427
PrefabInstance:
  m_ObjectHideFlags: 0
  serializedVersion: 2
  m_Modification:
    m_TransformParent: {fileID: 3878811776630828024}
    m_Modifications:
    - target: {fileID: 100002, guid: 28b96c177644429438c741be4ef1c62a, type: 3}
      propertyPath: m_Name
      value: ukoncenie
      objectReference: {fileID: 0}
    - target: {fileID: 100002, guid: 28b96c177644429438c741be4ef1c62a, type: 3}
      propertyPath: m_Layer
      value: 9
      objectReference: {fileID: 0}
    - target: {fileID: 100000, guid: 28b96c177644429438c741be4ef1c62a, type: 3}
      propertyPath: m_Layer
      value: 9
      objectReference: {fileID: 0}
    - target: {fileID: 100012, guid: 28b96c177644429438c741be4ef1c62a, type: 3}
      propertyPath: m_Layer
      value: 9
      objectReference: {fileID: 0}
    - target: {fileID: 100014, guid: 28b96c177644429438c741be4ef1c62a, type: 3}
      propertyPath: m_Layer
      value: 9
      objectReference: {fileID: 0}
    - target: {fileID: 100016, guid: 28b96c177644429438c741be4ef1c62a, type: 3}
      propertyPath: m_Layer
      value: 9
      objectReference: {fileID: 0}
    - target: {fileID: 100018, guid: 28b96c177644429438c741be4ef1c62a, type: 3}
      propertyPath: m_Layer
      value: 9
      objectReference: {fileID: 0}
    - target: {fileID: 100010, guid: 28b96c177644429438c741be4ef1c62a, type: 3}
      propertyPath: m_Layer
      value: 9
      objectReference: {fileID: 0}
    - target: {fileID: 100004, guid: 28b96c177644429438c741be4ef1c62a, type: 3}
      propertyPath: m_Layer
      value: 9
      objectReference: {fileID: 0}
    - target: {fileID: 400002, guid: 28b96c177644429438c741be4ef1c62a, type: 3}
      propertyPath: m_LocalPosition.x
      value: 0
      objectReference: {fileID: 0}
    - target: {fileID: 400002, guid: 28b96c177644429438c741be4ef1c62a, type: 3}
      propertyPath: m_LocalPosition.y
      value: 0
      objectReference: {fileID: 0}
    - target: {fileID: 400002, guid: 28b96c177644429438c741be4ef1c62a, type: 3}
      propertyPath: m_LocalPosition.z
      value: 0
      objectReference: {fileID: 0}
    - target: {fileID: 400002, guid: 28b96c177644429438c741be4ef1c62a, type: 3}
      propertyPath: m_LocalRotation.x
      value: 0
      objectReference: {fileID: 0}
    - target: {fileID: 400002, guid: 28b96c177644429438c741be4ef1c62a, type: 3}
      propertyPath: m_LocalRotation.y
      value: 0
      objectReference: {fileID: 0}
    - target: {fileID: 400002, guid: 28b96c177644429438c741be4ef1c62a, type: 3}
      propertyPath: m_LocalRotation.z
      value: 0
      objectReference: {fileID: 0}
    - target: {fileID: 400002, guid: 28b96c177644429438c741be4ef1c62a, type: 3}
      propertyPath: m_LocalRotation.w
      value: 1
      objectReference: {fileID: 0}
    - target: {fileID: 400002, guid: 28b96c177644429438c741be4ef1c62a, type: 3}
      propertyPath: m_RootOrder
      value: 0
      objectReference: {fileID: 0}
    - target: {fileID: 400002, guid: 28b96c177644429438c741be4ef1c62a, type: 3}
      propertyPath: m_LocalEulerAnglesHint.x
      value: 0
      objectReference: {fileID: 0}
    - target: {fileID: 400002, guid: 28b96c177644429438c741be4ef1c62a, type: 3}
      propertyPath: m_LocalEulerAnglesHint.y
      value: 0
      objectReference: {fileID: 0}
    - target: {fileID: 400002, guid: 28b96c177644429438c741be4ef1c62a, type: 3}
      propertyPath: m_LocalEulerAnglesHint.z
      value: 0
      objectReference: {fileID: 0}
    - target: {fileID: 2300004, guid: 28b96c177644429438c741be4ef1c62a, type: 3}
      propertyPath: m_Materials.Array.data[0]
      value: 
      objectReference: {fileID: 2100000, guid: 1c67c815f66d9d342a73b6552979ff21, type: 2}
    - target: {fileID: 2300002, guid: 28b96c177644429438c741be4ef1c62a, type: 3}
      propertyPath: m_Materials.Array.data[0]
      value: 
      objectReference: {fileID: 2100000, guid: 1c67c815f66d9d342a73b6552979ff21, type: 2}
    m_RemovedComponents: []
  m_SourcePrefab: {fileID: 100100000, guid: 28b96c177644429438c741be4ef1c62a, type: 3}
--- !u!4 &5273101065909571233 stripped
Transform:
  m_CorrespondingSourceObject: {fileID: 400002, guid: 28b96c177644429438c741be4ef1c62a,
    type: 3}
  m_PrefabInstance: {fileID: 5273101065909179427}
  m_PrefabAsset: {fileID: 0}
--- !u!1 &5273101065909277315 stripped
GameObject:
  m_CorrespondingSourceObject: {fileID: 100000, guid: 28b96c177644429438c741be4ef1c62a,
    type: 3}
  m_PrefabInstance: {fileID: 5273101065909179427}
  m_PrefabAsset: {fileID: 0}
--- !u!1 &5273101065909277327 stripped
GameObject:
  m_CorrespondingSourceObject: {fileID: 100012, guid: 28b96c177644429438c741be4ef1c62a,
    type: 3}
  m_PrefabInstance: {fileID: 5273101065909179427}
  m_PrefabAsset: {fileID: 0}
--- !u!1 &5273101065909277325 stripped
GameObject:
  m_CorrespondingSourceObject: {fileID: 100014, guid: 28b96c177644429438c741be4ef1c62a,
    type: 3}
  m_PrefabInstance: {fileID: 5273101065909179427}
  m_PrefabAsset: {fileID: 0}
--- !u!1 &5273101065909277331 stripped
GameObject:
  m_CorrespondingSourceObject: {fileID: 100016, guid: 28b96c177644429438c741be4ef1c62a,
    type: 3}
  m_PrefabInstance: {fileID: 5273101065909179427}
  m_PrefabAsset: {fileID: 0}
--- !u!1 &5273101065909277329 stripped
GameObject:
  m_CorrespondingSourceObject: {fileID: 100018, guid: 28b96c177644429438c741be4ef1c62a,
    type: 3}
  m_PrefabInstance: {fileID: 5273101065909179427}
  m_PrefabAsset: {fileID: 0}
--- !u!1 &5273101065909277321 stripped
GameObject:
  m_CorrespondingSourceObject: {fileID: 100010, guid: 28b96c177644429438c741be4ef1c62a,
    type: 3}
  m_PrefabInstance: {fileID: 5273101065909179427}
  m_PrefabAsset: {fileID: 0}
--- !u!1 &5273101065909277319 stripped
GameObject:
  m_CorrespondingSourceObject: {fileID: 100004, guid: 28b96c177644429438c741be4ef1c62a,
    type: 3}
  m_PrefabInstance: {fileID: 5273101065909179427}
  m_PrefabAsset: {fileID: 0}
