%YAML 1.1
%TAG !u! tag:unity3d.com,2011:
--- !u!64 &4632894271310752705
MeshCollider:
  m_ObjectHideFlags: 0
  m_CorrespondingSourceObject: {fileID: 0}
  m_PrefabInstance: {fileID: 0}
  m_PrefabAsset: {fileID: 0}
  m_GameObject: {fileID: 350033709474670536}
  m_Material: {fileID: 0}
  m_IsTrigger: 0
  m_Enabled: 1
  serializedVersion: 3
  m_Convex: 0
  m_CookingOptions: 14
  m_Mesh: {fileID: -777482842622425387, guid: bd89228ff565f9745a3e182cfbbb5c5b, type: 3}
--- !u!114 &8159211245561914129
MonoBehaviour:
  m_ObjectHideFlags: 0
  m_CorrespondingSourceObject: {fileID: 0}
  m_PrefabInstance: {fileID: 0}
  m_PrefabAsset: {fileID: 0}
  m_GameObject: {fileID: 350033709474670536}
  m_Enabled: 1
  m_EditorHideFlags: 0
  m_Script: {fileID: 11500000, guid: 816c52b73d7a1de4d8f07430f0420752, type: 3}
  m_Name: 
  m_EditorClassIdentifier: 
  partMeshType: main
  setMaterialIndex: -1
  setMaterialIndex2: -1
  sewing: 0
--- !u!64 &2369658160784340276
MeshCollider:
  m_ObjectHideFlags: 0
  m_CorrespondingSourceObject: {fileID: 0}
  m_PrefabInstance: {fileID: 0}
  m_PrefabAsset: {fileID: 0}
  m_GameObject: {fileID: 1165610008857530678}
  m_Material: {fileID: 0}
  m_IsTrigger: 0
  m_Enabled: 1
  serializedVersion: 3
  m_Convex: 0
  m_CookingOptions: 14
  m_Mesh: {fileID: -2576773644395520568, guid: bd89228ff565f9745a3e182cfbbb5c5b, type: 3}
--- !u!114 &54194574779034895
MonoBehaviour:
  m_ObjectHideFlags: 0
  m_CorrespondingSourceObject: {fileID: 0}
  m_PrefabInstance: {fileID: 0}
  m_PrefabAsset: {fileID: 0}
  m_GameObject: {fileID: 1165610008857530678}
  m_Enabled: 1
  m_EditorHideFlags: 0
  m_Script: {fileID: 11500000, guid: 816c52b73d7a1de4d8f07430f0420752, type: 3}
  m_Name: 
  m_EditorClassIdentifier: 
  partMeshType: main
  setMaterialIndex: -1
  setMaterialIndex2: -1
  sewing: 0
--- !u!114 &1097054065407879283
MonoBehaviour:
  m_ObjectHideFlags: 0
  m_CorrespondingSourceObject: {fileID: 0}
  m_PrefabInstance: {fileID: 0}
  m_PrefabAsset: {fileID: 0}
  m_GameObject: {fileID: 3719993278255553564}
  m_Enabled: 1
  m_EditorHideFlags: 0
  m_Script: {fileID: 11500000, guid: 816c52b73d7a1de4d8f07430f0420752, type: 3}
  m_Name: 
  m_EditorClassIdentifier: 
  partMeshType: legs
  setMaterialIndex: -1
  setMaterialIndex2: -1
  sewing: 0
--- !u!1 &4676869590194655858
GameObject:
  m_ObjectHideFlags: 0
  m_CorrespondingSourceObject: {fileID: 0}
  m_PrefabInstance: {fileID: 0}
  m_PrefabAsset: {fileID: 0}
  serializedVersion: 6
  m_Component:
  - component: {fileID: 5505318684361846657}
  - component: {fileID: 3462781578479678350}
  m_Layer: 9
  m_Name: B1-Kreslo
  m_TagString: Untagged
  m_Icon: {fileID: 0}
  m_NavMeshLayer: 0
  m_StaticEditorFlags: 0
  m_IsActive: 1
--- !u!4 &5505318684361846657
Transform:
  m_ObjectHideFlags: 0
  m_CorrespondingSourceObject: {fileID: 0}
  m_PrefabInstance: {fileID: 0}
  m_PrefabAsset: {fileID: 0}
  m_GameObject: {fileID: 4676869590194655858}
  m_LocalRotation: {x: 0, y: 1, z: 0, w: -0.00000004371139}
  m_LocalPosition: {x: 0, y: 0, z: 0}
  m_LocalScale: {x: 1, y: 1, z: 1}
  m_Children:
  - {fileID: 7289121010026314972}
  m_Father: {fileID: 0}
  m_RootOrder: 0
  m_LocalEulerAnglesHint: {x: 0, y: 0, z: 0}
--- !u!114 &3462781578479678350
MonoBehaviour:
  m_ObjectHideFlags: 0
  m_CorrespondingSourceObject: {fileID: 0}
  m_PrefabInstance: {fileID: 0}
  m_PrefabAsset: {fileID: 0}
  m_GameObject: {fileID: 4676869590194655858}
  m_Enabled: 1
  m_EditorHideFlags: 0
  m_Script: {fileID: 11500000, guid: de305606890b87e42a58c187eba6fe10, type: 3}
  m_Name: 
  m_EditorClassIdentifier: 
  partName: B1
  partNameCombinations: []
  partDescription: 
  partCategory: universal
  includeInDimensions: 1
  dimensions: {x: 0.73379314, y: 1.0242682, z: 0.8862219}
  image: {fileID: 21300000, guid: 57aa59f95b3b3b147b9999b2bb09796a, type: 3}
  type: 0
  partPoints: []
  canBeStandalone: 1
  sewingNames: []
  OnPartPointConnect:
    m_PersistentCalls:
      m_Calls: []
--- !u!64 &8271828537643246850
MeshCollider:
  m_ObjectHideFlags: 0
  m_CorrespondingSourceObject: {fileID: 0}
  m_PrefabInstance: {fileID: 0}
  m_PrefabAsset: {fileID: 0}
  m_GameObject: {fileID: 5430699697130642274}
  m_Material: {fileID: 0}
  m_IsTrigger: 0
  m_Enabled: 1
  serializedVersion: 3
  m_Convex: 0
  m_CookingOptions: 14
  m_Mesh: {fileID: -1891459631310883836, guid: bd89228ff565f9745a3e182cfbbb5c5b, type: 3}
--- !u!114 &6065930251335160243
MonoBehaviour:
  m_ObjectHideFlags: 0
  m_CorrespondingSourceObject: {fileID: 0}
  m_PrefabInstance: {fileID: 0}
  m_PrefabAsset: {fileID: 0}
  m_GameObject: {fileID: 5430699697130642274}
  m_Enabled: 1
  m_EditorHideFlags: 0
  m_Script: {fileID: 11500000, guid: 816c52b73d7a1de4d8f07430f0420752, type: 3}
  m_Name: 
  m_EditorClassIdentifier: 
  partMeshType: main2
  setMaterialIndex: -1
  setMaterialIndex2: -1
  sewing: 0
--- !u!64 &2254144798157542628
MeshCollider:
  m_ObjectHideFlags: 0
  m_CorrespondingSourceObject: {fileID: 0}
  m_PrefabInstance: {fileID: 0}
  m_PrefabAsset: {fileID: 0}
  m_GameObject: {fileID: 6228338634145345121}
  m_Material: {fileID: 0}
  m_IsTrigger: 0
  m_Enabled: 1
  serializedVersion: 3
  m_Convex: 0
  m_CookingOptions: 14
  m_Mesh: {fileID: 604825372651161720, guid: bd89228ff565f9745a3e182cfbbb5c5b, type: 3}
--- !u!114 &4215771749199894439
MonoBehaviour:
  m_ObjectHideFlags: 0
  m_CorrespondingSourceObject: {fileID: 0}
  m_PrefabInstance: {fileID: 0}
  m_PrefabAsset: {fileID: 0}
  m_GameObject: {fileID: 6228338634145345121}
  m_Enabled: 1
  m_EditorHideFlags: 0
  m_Script: {fileID: 11500000, guid: 816c52b73d7a1de4d8f07430f0420752, type: 3}
  m_Name: 
  m_EditorClassIdentifier: 
  partMeshType: main
  setMaterialIndex: -1
  setMaterialIndex2: -1
  sewing: 0
--- !u!1001 &2329095751414437830
PrefabInstance:
  m_ObjectHideFlags: 0
  serializedVersion: 2
  m_Modification:
    m_TransformParent: {fileID: 5505318684361846657}
    m_Modifications:
    - target: {fileID: -927199367670048503, guid: bd89228ff565f9745a3e182cfbbb5c5b,
        type: 3}
      propertyPath: m_Name
      value: B1-Kreslo
      objectReference: {fileID: 0}
    - target: {fileID: -927199367670048503, guid: bd89228ff565f9745a3e182cfbbb5c5b,
        type: 3}
      propertyPath: m_Layer
      value: 9
      objectReference: {fileID: 0}
    - target: {fileID: 8519997698126838183, guid: bd89228ff565f9745a3e182cfbbb5c5b,
        type: 3}
      propertyPath: m_Layer
      value: 9
      objectReference: {fileID: 0}
    - target: {fileID: -7786004590500082726, guid: bd89228ff565f9745a3e182cfbbb5c5b,
        type: 3}
      propertyPath: m_Layer
      value: 9
      objectReference: {fileID: 0}
    - target: {fileID: -6590721242111954930, guid: bd89228ff565f9745a3e182cfbbb5c5b,
        type: 3}
      propertyPath: m_Layer
      value: 9
      objectReference: {fileID: 0}
    - target: {fileID: 3494661500213790448, guid: bd89228ff565f9745a3e182cfbbb5c5b,
        type: 3}
      propertyPath: m_Layer
      value: 9
      objectReference: {fileID: 0}
    - target: {fileID: -1508947050070881116, guid: bd89228ff565f9745a3e182cfbbb5c5b,
        type: 3}
      propertyPath: m_Layer
      value: 9
      objectReference: {fileID: 0}
    - target: {fileID: -1508947050070881116, guid: bd89228ff565f9745a3e182cfbbb5c5b,
        type: 3}
      propertyPath: m_IsActive
      value: 1
      objectReference: {fileID: 0}
    - target: {fileID: -4216859302048453862, guid: bd89228ff565f9745a3e182cfbbb5c5b,
        type: 3}
      propertyPath: m_LocalPosition.x
      value: -0
      objectReference: {fileID: 0}
    - target: {fileID: -4216859302048453862, guid: bd89228ff565f9745a3e182cfbbb5c5b,
        type: 3}
      propertyPath: m_LocalPosition.y
      value: 0
      objectReference: {fileID: 0}
    - target: {fileID: -4216859302048453862, guid: bd89228ff565f9745a3e182cfbbb5c5b,
        type: 3}
      propertyPath: m_LocalPosition.z
      value: 0
      objectReference: {fileID: 0}
    - target: {fileID: -4216859302048453862, guid: bd89228ff565f9745a3e182cfbbb5c5b,
        type: 3}
      propertyPath: m_LocalRotation.x
      value: 0.000000021855694
      objectReference: {fileID: 0}
    - target: {fileID: -4216859302048453862, guid: bd89228ff565f9745a3e182cfbbb5c5b,
        type: 3}
      propertyPath: m_LocalRotation.y
      value: 0
      objectReference: {fileID: 0}
    - target: {fileID: -4216859302048453862, guid: bd89228ff565f9745a3e182cfbbb5c5b,
        type: 3}
      propertyPath: m_LocalRotation.z
      value: -0
      objectReference: {fileID: 0}
    - target: {fileID: -4216859302048453862, guid: bd89228ff565f9745a3e182cfbbb5c5b,
        type: 3}
      propertyPath: m_LocalRotation.w
      value: 1
      objectReference: {fileID: 0}
    - target: {fileID: -4216859302048453862, guid: bd89228ff565f9745a3e182cfbbb5c5b,
        type: 3}
      propertyPath: m_RootOrder
      value: 0
      objectReference: {fileID: 0}
    - target: {fileID: -4216859302048453862, guid: bd89228ff565f9745a3e182cfbbb5c5b,
        type: 3}
      propertyPath: m_LocalEulerAnglesHint.x
      value: 0
      objectReference: {fileID: 0}
    - target: {fileID: -4216859302048453862, guid: bd89228ff565f9745a3e182cfbbb5c5b,
        type: 3}
      propertyPath: m_LocalEulerAnglesHint.y
      value: 0
      objectReference: {fileID: 0}
    - target: {fileID: -4216859302048453862, guid: bd89228ff565f9745a3e182cfbbb5c5b,
        type: 3}
      propertyPath: m_LocalEulerAnglesHint.z
      value: 0
      objectReference: {fileID: 0}
    m_RemovedComponents: []
  m_SourcePrefab: {fileID: 100100000, guid: bd89228ff565f9745a3e182cfbbb5c5b, type: 3}
--- !u!4 &7289121010026314972 stripped
Transform:
  m_CorrespondingSourceObject: {fileID: -4216859302048453862, guid: bd89228ff565f9745a3e182cfbbb5c5b,
    type: 3}
  m_PrefabInstance: {fileID: 2329095751414437830}
  m_PrefabAsset: {fileID: 0}
--- !u!1 &6228338634145345121 stripped
GameObject:
  m_CorrespondingSourceObject: {fileID: 8519997698126838183, guid: bd89228ff565f9745a3e182cfbbb5c5b,
    type: 3}
  m_PrefabInstance: {fileID: 2329095751414437830}
  m_PrefabAsset: {fileID: 0}
--- !u!1 &3719993278255553564 stripped
GameObject:
  m_CorrespondingSourceObject: {fileID: -7786004590500082726, guid: bd89228ff565f9745a3e182cfbbb5c5b,
    type: 3}
  m_PrefabInstance: {fileID: 2329095751414437830}
  m_PrefabAsset: {fileID: 0}
--- !u!1 &350033709474670536 stripped
GameObject:
  m_CorrespondingSourceObject: {fileID: -6590721242111954930, guid: bd89228ff565f9745a3e182cfbbb5c5b,
    type: 3}
  m_PrefabInstance: {fileID: 2329095751414437830}
  m_PrefabAsset: {fileID: 0}
--- !u!1 &1165610008857530678 stripped
GameObject:
  m_CorrespondingSourceObject: {fileID: 3494661500213790448, guid: bd89228ff565f9745a3e182cfbbb5c5b,
    type: 3}
  m_PrefabInstance: {fileID: 2329095751414437830}
  m_PrefabAsset: {fileID: 0}
--- !u!1 &5430699697130642274 stripped
GameObject:
  m_CorrespondingSourceObject: {fileID: -1508947050070881116, guid: bd89228ff565f9745a3e182cfbbb5c5b,
    type: 3}
  m_PrefabInstance: {fileID: 2329095751414437830}
  m_PrefabAsset: {fileID: 0}
