%YAML 1.1
%TAG !u! tag:unity3d.com,2011:
--- !u!64 &7886204769717650501
MeshCollider:
  m_ObjectHideFlags: 0
  m_CorrespondingSourceObject: {fileID: 0}
  m_PrefabInstance: {fileID: 0}
  m_PrefabAsset: {fileID: 0}
  m_GameObject: {fileID: 1364098826381345708}
  m_Material: {fileID: 0}
  m_IsTrigger: 0
  m_Enabled: 1
  serializedVersion: 3
  m_Convex: 0
  m_CookingOptions: 14
  m_Mesh: {fileID: 161640799680266911, guid: 4ab16fb260ad85d4faa9c3813fb36e43, type: 3}
--- !u!114 &1374884124379331157
MonoBehaviour:
  m_ObjectHideFlags: 0
  m_CorrespondingSourceObject: {fileID: 0}
  m_PrefabInstance: {fileID: 0}
  m_PrefabAsset: {fileID: 0}
  m_GameObject: {fileID: 1364098826381345708}
  m_Enabled: 1
  m_EditorHideFlags: 0
  m_Script: {fileID: 11500000, guid: 816c52b73d7a1de4d8f07430f0420752, type: 3}
  m_Name: 
  m_EditorClassIdentifier: 
  partMeshType: main
  setMaterialIndex: -1
  setMaterialIndex2: -1
  sewing: 0
--- !u!64 &6194107986173621170
MeshCollider:
  m_ObjectHideFlags: 0
  m_CorrespondingSourceObject: {fileID: 0}
  m_PrefabInstance: {fileID: 0}
  m_PrefabAsset: {fileID: 0}
  m_GameObject: {fileID: 4279875761795286013}
  m_Material: {fileID: 0}
  m_IsTrigger: 0
  m_Enabled: 1
  serializedVersion: 3
  m_Convex: 0
  m_CookingOptions: 14
  m_Mesh: {fileID: 3725855550539629656, guid: 4ab16fb260ad85d4faa9c3813fb36e43, type: 3}
--- !u!114 &3615976256334017981
MonoBehaviour:
  m_ObjectHideFlags: 0
  m_CorrespondingSourceObject: {fileID: 0}
  m_PrefabInstance: {fileID: 0}
  m_PrefabAsset: {fileID: 0}
  m_GameObject: {fileID: 4279875761795286013}
  m_Enabled: 1
  m_EditorHideFlags: 0
  m_Script: {fileID: 11500000, guid: 816c52b73d7a1de4d8f07430f0420752, type: 3}
  m_Name: 
  m_EditorClassIdentifier: 
  partMeshType: main
  setMaterialIndex: -1
  setMaterialIndex2: -1
  sewing: 0
--- !u!64 &4616659335662663265
MeshCollider:
  m_ObjectHideFlags: 0
  m_CorrespondingSourceObject: {fileID: 0}
  m_PrefabInstance: {fileID: 0}
  m_PrefabAsset: {fileID: 0}
  m_GameObject: {fileID: 5232546266527660839}
  m_Material: {fileID: 0}
  m_IsTrigger: 0
  m_Enabled: 1
  serializedVersion: 3
  m_Convex: 0
  m_CookingOptions: 14
  m_Mesh: {fileID: 5224353960369044785, guid: 4ab16fb260ad85d4faa9c3813fb36e43, type: 3}
--- !u!114 &5772650096978233886
MonoBehaviour:
  m_ObjectHideFlags: 0
  m_CorrespondingSourceObject: {fileID: 0}
  m_PrefabInstance: {fileID: 0}
  m_PrefabAsset: {fileID: 0}
  m_GameObject: {fileID: 5232546266527660839}
  m_Enabled: 1
  m_EditorHideFlags: 0
  m_Script: {fileID: 11500000, guid: 816c52b73d7a1de4d8f07430f0420752, type: 3}
  m_Name: 
  m_EditorClassIdentifier: 
  partMeshType: main2
  setMaterialIndex: -1
  setMaterialIndex2: -1
  sewing: 0
--- !u!114 &3715446475390992549
MonoBehaviour:
  m_ObjectHideFlags: 0
  m_CorrespondingSourceObject: {fileID: 0}
  m_PrefabInstance: {fileID: 0}
  m_PrefabAsset: {fileID: 0}
  m_GameObject: {fileID: 5359742763672571752}
  m_Enabled: 1
  m_EditorHideFlags: 0
  m_Script: {fileID: 11500000, guid: 298df71d7d1c94f47a9df2b26686031c, type: 3}
  m_Name: 
  m_EditorClassIdentifier: 
  type: 0
  connection: r
  allowedCategories: []
  disallowedCategories: []
  partPointGUI: {fileID: 0}
  activateOnDisconnect: []
  connectedTo: {fileID: 0}
  part: {fileID: 0}
--- !u!1 &5758076765581391775
GameObject:
  m_ObjectHideFlags: 0
  m_CorrespondingSourceObject: {fileID: 0}
  m_PrefabInstance: {fileID: 0}
  m_PrefabAsset: {fileID: 0}
  serializedVersion: 6
  m_Component:
  - component: {fileID: 4253900697391744710}
  - component: {fileID: 6940457176578745053}
  m_Layer: 9
  m_Name: BR
  m_TagString: Untagged
  m_Icon: {fileID: 0}
  m_NavMeshLayer: 0
  m_StaticEditorFlags: 0
  m_IsActive: 1
--- !u!4 &4253900697391744710
Transform:
  m_ObjectHideFlags: 0
  m_CorrespondingSourceObject: {fileID: 0}
  m_PrefabInstance: {fileID: 0}
  m_PrefabAsset: {fileID: 0}
  m_GameObject: {fileID: 5758076765581391775}
  m_LocalRotation: {x: 0, y: 1, z: 0, w: -0.00000004371139}
  m_LocalPosition: {x: 0, y: 0, z: 0}
  m_LocalScale: {x: 1, y: 1, z: 1}
  m_Children:
  - {fileID: 7415349243792649765}
  m_Father: {fileID: 0}
  m_RootOrder: 0
  m_LocalEulerAnglesHint: {x: 0, y: 0, z: 0}
--- !u!114 &6940457176578745053
MonoBehaviour:
  m_ObjectHideFlags: 0
  m_CorrespondingSourceObject: {fileID: 0}
  m_PrefabInstance: {fileID: 0}
  m_PrefabAsset: {fileID: 0}
  m_GameObject: {fileID: 5758076765581391775}
  m_Enabled: 1
  m_EditorHideFlags: 0
  m_Script: {fileID: 11500000, guid: de305606890b87e42a58c187eba6fe10, type: 3}
  m_Name: 
  m_EditorClassIdentifier: 
  partName: BR
  partNameCombinations: []
  partDescription: 
  partCategory: corner
  includeInDimensions: 1
  dimensions: {x: 1.0237586, y: 0.89275396, z: 1.0148194}
  image: {fileID: 21300000, guid: 426dd1e90902cdf49a5f0591cd791a83, type: 3}
  type: 0
  partPoints:
  - {fileID: 1015723324665686616}
  - {fileID: 1038922391150479477}
  - {fileID: 4766530366916946447}
  - {fileID: 3715446475390992549}
  canBeStandalone: 1
  sewingNames: []
  OnPartPointConnect:
    m_PersistentCalls:
      m_Calls: []
--- !u!114 &4766530366916946447
MonoBehaviour:
  m_ObjectHideFlags: 0
  m_CorrespondingSourceObject: {fileID: 0}
  m_PrefabInstance: {fileID: 0}
  m_PrefabAsset: {fileID: 0}
  m_GameObject: {fileID: 5823526965911913566}
  m_Enabled: 1
  m_EditorHideFlags: 0
  m_Script: {fileID: 11500000, guid: 298df71d7d1c94f47a9df2b26686031c, type: 3}
  m_Name: 
  m_EditorClassIdentifier: 
  type: 0
  connection: l
  allowedCategories: []
  disallowedCategories: []
  partPointGUI: {fileID: 0}
  activateOnDisconnect: []
  connectedTo: {fileID: 0}
  part: {fileID: 0}
--- !u!114 &1038922391150479477
MonoBehaviour:
  m_ObjectHideFlags: 0
  m_CorrespondingSourceObject: {fileID: 0}
  m_PrefabInstance: {fileID: 0}
  m_PrefabAsset: {fileID: 0}
  m_GameObject: {fileID: 7297026724300084739}
  m_Enabled: 1
  m_EditorHideFlags: 0
  m_Script: {fileID: 11500000, guid: 298df71d7d1c94f47a9df2b26686031c, type: 3}
  m_Name: 
  m_EditorClassIdentifier: 
  type: 1
  connection: l
  allowedCategories: []
  disallowedCategories: []
  partPointGUI: {fileID: 0}
  activateOnDisconnect: []
  connectedTo: {fileID: 0}
  part: {fileID: 0}
--- !u!114 &1015723324665686616
MonoBehaviour:
  m_ObjectHideFlags: 0
  m_CorrespondingSourceObject: {fileID: 0}
  m_PrefabInstance: {fileID: 0}
  m_PrefabAsset: {fileID: 0}
  m_GameObject: {fileID: 7733120891639326407}
  m_Enabled: 1
  m_EditorHideFlags: 0
  m_Script: {fileID: 11500000, guid: 298df71d7d1c94f47a9df2b26686031c, type: 3}
  m_Name: 
  m_EditorClassIdentifier: 
  type: 1
  connection: l
  allowedCategories: []
  disallowedCategories: []
  partPointGUI: {fileID: 0}
  activateOnDisconnect: []
  connectedTo: {fileID: 0}
  part: {fileID: 0}
--- !u!1001 &2563155220802651455
PrefabInstance:
  m_ObjectHideFlags: 0
  serializedVersion: 2
  m_Modification:
    m_TransformParent: {fileID: 4253900697391744710}
    m_Modifications:
    - target: {fileID: -927199367670048503, guid: 4ab16fb260ad85d4faa9c3813fb36e43,
        type: 3}
      propertyPath: m_Name
      value: BR
      objectReference: {fileID: 0}
    - target: {fileID: -927199367670048503, guid: 4ab16fb260ad85d4faa9c3813fb36e43,
        type: 3}
      propertyPath: m_Layer
      value: 9
      objectReference: {fileID: 0}
    - target: {fileID: 9026610861038560652, guid: 4ab16fb260ad85d4faa9c3813fb36e43,
        type: 3}
      propertyPath: m_Layer
      value: 9
      objectReference: {fileID: 0}
    - target: {fileID: -917754675913571999, guid: 4ab16fb260ad85d4faa9c3813fb36e43,
        type: 3}
      propertyPath: m_Layer
      value: 9
      objectReference: {fileID: 0}
    - target: {fileID: 7634597193672673879, guid: 4ab16fb260ad85d4faa9c3813fb36e43,
        type: 3}
      propertyPath: m_Layer
      value: 9
      objectReference: {fileID: 0}
    - target: {fileID: -3980134865236319240, guid: 4ab16fb260ad85d4faa9c3813fb36e43,
        type: 3}
      propertyPath: m_Layer
      value: 9
      objectReference: {fileID: 0}
    - target: {fileID: 5104292736057545532, guid: 4ab16fb260ad85d4faa9c3813fb36e43,
        type: 3}
      propertyPath: m_Layer
      value: 9
      objectReference: {fileID: 0}
    - target: {fileID: -4216859302048453862, guid: 4ab16fb260ad85d4faa9c3813fb36e43,
        type: 3}
      propertyPath: m_LocalPosition.x
      value: 0
      objectReference: {fileID: 0}
    - target: {fileID: -4216859302048453862, guid: 4ab16fb260ad85d4faa9c3813fb36e43,
        type: 3}
      propertyPath: m_LocalPosition.y
      value: 0
      objectReference: {fileID: 0}
    - target: {fileID: -4216859302048453862, guid: 4ab16fb260ad85d4faa9c3813fb36e43,
        type: 3}
      propertyPath: m_LocalPosition.z
      value: 0
      objectReference: {fileID: 0}
    - target: {fileID: -4216859302048453862, guid: 4ab16fb260ad85d4faa9c3813fb36e43,
        type: 3}
      propertyPath: m_LocalRotation.x
      value: 0
      objectReference: {fileID: 0}
    - target: {fileID: -4216859302048453862, guid: 4ab16fb260ad85d4faa9c3813fb36e43,
        type: 3}
      propertyPath: m_LocalRotation.y
      value: 0
      objectReference: {fileID: 0}
    - target: {fileID: -4216859302048453862, guid: 4ab16fb260ad85d4faa9c3813fb36e43,
        type: 3}
      propertyPath: m_LocalRotation.z
      value: 0
      objectReference: {fileID: 0}
    - target: {fileID: -4216859302048453862, guid: 4ab16fb260ad85d4faa9c3813fb36e43,
        type: 3}
      propertyPath: m_LocalRotation.w
      value: 1
      objectReference: {fileID: 0}
    - target: {fileID: -4216859302048453862, guid: 4ab16fb260ad85d4faa9c3813fb36e43,
        type: 3}
      propertyPath: m_RootOrder
      value: 0
      objectReference: {fileID: 0}
    - target: {fileID: -4216859302048453862, guid: 4ab16fb260ad85d4faa9c3813fb36e43,
        type: 3}
      propertyPath: m_LocalEulerAnglesHint.x
      value: 0
      objectReference: {fileID: 0}
    - target: {fileID: -4216859302048453862, guid: 4ab16fb260ad85d4faa9c3813fb36e43,
        type: 3}
      propertyPath: m_LocalEulerAnglesHint.y
      value: 0
      objectReference: {fileID: 0}
    - target: {fileID: -4216859302048453862, guid: 4ab16fb260ad85d4faa9c3813fb36e43,
        type: 3}
      propertyPath: m_LocalEulerAnglesHint.z
      value: 0
      objectReference: {fileID: 0}
    - target: {fileID: -5657531926343481709, guid: 4ab16fb260ad85d4faa9c3813fb36e43,
        type: 3}
      propertyPath: m_Layer
      value: 9
      objectReference: {fileID: 0}
    - target: {fileID: 1798911265066550978, guid: 4ab16fb260ad85d4faa9c3813fb36e43,
        type: 3}
      propertyPath: m_Layer
      value: 9
      objectReference: {fileID: 0}
    - target: {fileID: 7714548569625869848, guid: 4ab16fb260ad85d4faa9c3813fb36e43,
        type: 3}
      propertyPath: m_Layer
      value: 9
      objectReference: {fileID: 0}
    m_RemovedComponents: []
  m_SourcePrefab: {fileID: 100100000, guid: 4ab16fb260ad85d4faa9c3813fb36e43, type: 3}
--- !u!4 &7415349243792649765 stripped
Transform:
  m_CorrespondingSourceObject: {fileID: -4216859302048453862, guid: 4ab16fb260ad85d4faa9c3813fb36e43,
    type: 3}
  m_PrefabInstance: {fileID: 2563155220802651455}
  m_PrefabAsset: {fileID: 0}
--- !u!1 &5232546266527660839 stripped
GameObject:
  m_CorrespondingSourceObject: {fileID: 7714548569625869848, guid: 4ab16fb260ad85d4faa9c3813fb36e43,
    type: 3}
  m_PrefabInstance: {fileID: 2563155220802651455}
  m_PrefabAsset: {fileID: 0}
--- !u!1 &1364098826381345708 stripped
GameObject:
  m_CorrespondingSourceObject: {fileID: -5657531926343481709, guid: 4ab16fb260ad85d4faa9c3813fb36e43,
    type: 3}
  m_PrefabInstance: {fileID: 2563155220802651455}
  m_PrefabAsset: {fileID: 0}
--- !u!1 &4279875761795286013 stripped
GameObject:
  m_CorrespondingSourceObject: {fileID: 1798911265066550978, guid: 4ab16fb260ad85d4faa9c3813fb36e43,
    type: 3}
  m_PrefabInstance: {fileID: 2563155220802651455}
  m_PrefabAsset: {fileID: 0}
--- !u!1 &5823526965911913566 stripped
GameObject:
  m_CorrespondingSourceObject: {fileID: -917754675913571999, guid: 4ab16fb260ad85d4faa9c3813fb36e43,
    type: 3}
  m_PrefabInstance: {fileID: 2563155220802651455}
  m_PrefabAsset: {fileID: 0}
--- !u!1 &5359742763672571752 stripped
GameObject:
  m_CorrespondingSourceObject: {fileID: 7634597193672673879, guid: 4ab16fb260ad85d4faa9c3813fb36e43,
    type: 3}
  m_PrefabInstance: {fileID: 2563155220802651455}
  m_PrefabAsset: {fileID: 0}
--- !u!1 &7733120891639326407 stripped
GameObject:
  m_CorrespondingSourceObject: {fileID: -3980134865236319240, guid: 4ab16fb260ad85d4faa9c3813fb36e43,
    type: 3}
  m_PrefabInstance: {fileID: 2563155220802651455}
  m_PrefabAsset: {fileID: 0}
--- !u!1 &7297026724300084739 stripped
GameObject:
  m_CorrespondingSourceObject: {fileID: 5104292736057545532, guid: 4ab16fb260ad85d4faa9c3813fb36e43,
    type: 3}
  m_PrefabInstance: {fileID: 2563155220802651455}
  m_PrefabAsset: {fileID: 0}
