%YAML 1.1
%TAG !u! tag:unity3d.com,2011:
--- !u!64 &6997201584739121287
MeshCollider:
  m_ObjectHideFlags: 0
  m_CorrespondingSourceObject: {fileID: 0}
  m_PrefabInstance: {fileID: 0}
  m_PrefabAsset: {fileID: 0}
  m_GameObject: {fileID: 1942523275048430637}
  m_Material: {fileID: 0}
  m_IsTrigger: 0
  m_Enabled: 1
  serializedVersion: 3
  m_Convex: 0
  m_CookingOptions: 14
  m_Mesh: {fileID: -3425453247326078090, guid: 30b6fca62dd106949870b928f76cc4d2, type: 3}
--- !u!114 &694220422866449969
MonoBehaviour:
  m_ObjectHideFlags: 0
  m_CorrespondingSourceObject: {fileID: 0}
  m_PrefabInstance: {fileID: 0}
  m_PrefabAsset: {fileID: 0}
  m_GameObject: {fileID: 1942523275048430637}
  m_Enabled: 1
  m_EditorHideFlags: 0
  m_Script: {fileID: 11500000, guid: 816c52b73d7a1de4d8f07430f0420752, type: 3}
  m_Name: 
  m_EditorClassIdentifier: 
  partMeshType: main
  setMaterialIndex: -1
  setMaterialIndex2: -1
  sewing: 0
--- !u!114 &3164510496698135871
MonoBehaviour:
  m_ObjectHideFlags: 0
  m_CorrespondingSourceObject: {fileID: 0}
  m_PrefabInstance: {fileID: 0}
  m_PrefabAsset: {fileID: 0}
  m_GameObject: {fileID: 1942523275048430637}
  m_Enabled: 1
  m_EditorHideFlags: 0
  m_Script: {fileID: 11500000, guid: 8ff23e8d62479ff46bcdd5e0aaed1393, type: 3}
  m_Name: 
  m_EditorClassIdentifier: 
  rotationOpen: {x: 65, y: 0, z: 0}
  rotationClosed: {x: 0, y: 0, z: 0}
  positionOpen: {x: 0, y: 0, z: 0}
  positionClosed: {x: 0, y: 0, z: 0}
  speed: 2
  connectedObject: {fileID: 0}
--- !u!114 &3235958256882373064
MonoBehaviour:
  m_ObjectHideFlags: 0
  m_CorrespondingSourceObject: {fileID: 0}
  m_PrefabInstance: {fileID: 0}
  m_PrefabAsset: {fileID: 0}
  m_GameObject: {fileID: 2365400511273776433}
  m_Enabled: 1
  m_EditorHideFlags: 0
  m_Script: {fileID: 11500000, guid: 298df71d7d1c94f47a9df2b26686031c, type: 3}
  m_Name: 
  m_EditorClassIdentifier: 
  type: 0
  connection: l
  allowedCategories: []
  disallowedCategories: []
  partPointGUI: {fileID: 0}
  activateOnDisconnect: []
  connectedTo: {fileID: 0}
  part: {fileID: 0}
--- !u!64 &3679901170368683195
MeshCollider:
  m_ObjectHideFlags: 0
  m_CorrespondingSourceObject: {fileID: 0}
  m_PrefabInstance: {fileID: 0}
  m_PrefabAsset: {fileID: 0}
  m_GameObject: {fileID: 2405079224985681899}
  m_Material: {fileID: 0}
  m_IsTrigger: 0
  m_Enabled: 1
  serializedVersion: 3
  m_Convex: 0
  m_CookingOptions: 14
  m_Mesh: {fileID: -1047227135574293445, guid: 30b6fca62dd106949870b928f76cc4d2, type: 3}
--- !u!114 &6524964481819916661
MonoBehaviour:
  m_ObjectHideFlags: 0
  m_CorrespondingSourceObject: {fileID: 0}
  m_PrefabInstance: {fileID: 0}
  m_PrefabAsset: {fileID: 0}
  m_GameObject: {fileID: 2405079224985681899}
  m_Enabled: 1
  m_EditorHideFlags: 0
  m_Script: {fileID: 11500000, guid: 8ff23e8d62479ff46bcdd5e0aaed1393, type: 3}
  m_Name: 
  m_EditorClassIdentifier: 
  rotationOpen: {x: 65, y: 0, z: 0}
  rotationClosed: {x: 0, y: 0, z: 0}
  positionOpen: {x: 0, y: 0, z: 0}
  positionClosed: {x: 0, y: 0, z: 0}
  speed: 2
  connectedObject: {fileID: 0}
--- !u!114 &6628077422809836348
MonoBehaviour:
  m_ObjectHideFlags: 0
  m_CorrespondingSourceObject: {fileID: 0}
  m_PrefabInstance: {fileID: 0}
  m_PrefabAsset: {fileID: 0}
  m_GameObject: {fileID: 2405079224985681899}
  m_Enabled: 1
  m_EditorHideFlags: 0
  m_Script: {fileID: 11500000, guid: 816c52b73d7a1de4d8f07430f0420752, type: 3}
  m_Name: 
  m_EditorClassIdentifier: 
  partMeshType: main
  setMaterialIndex: -1
  setMaterialIndex2: -1
  sewing: 0
--- !u!64 &818673630816319540
MeshCollider:
  m_ObjectHideFlags: 0
  m_CorrespondingSourceObject: {fileID: 0}
  m_PrefabInstance: {fileID: 0}
  m_PrefabAsset: {fileID: 0}
  m_GameObject: {fileID: 3076704927545632677}
  m_Material: {fileID: 0}
  m_IsTrigger: 0
  m_Enabled: 1
  serializedVersion: 3
  m_Convex: 0
  m_CookingOptions: 14
  m_Mesh: {fileID: -6469291264878019217, guid: 30b6fca62dd106949870b928f76cc4d2, type: 3}
--- !u!114 &4226772351284041510
MonoBehaviour:
  m_ObjectHideFlags: 0
  m_CorrespondingSourceObject: {fileID: 0}
  m_PrefabInstance: {fileID: 0}
  m_PrefabAsset: {fileID: 0}
  m_GameObject: {fileID: 3076704927545632677}
  m_Enabled: 1
  m_EditorHideFlags: 0
  m_Script: {fileID: 11500000, guid: 816c52b73d7a1de4d8f07430f0420752, type: 3}
  m_Name: 
  m_EditorClassIdentifier: 
  partMeshType: main
  setMaterialIndex: -1
  setMaterialIndex2: -1
  sewing: 0
--- !u!114 &5274756273008038971
MonoBehaviour:
  m_ObjectHideFlags: 0
  m_CorrespondingSourceObject: {fileID: 0}
  m_PrefabInstance: {fileID: 0}
  m_PrefabAsset: {fileID: 0}
  m_GameObject: {fileID: 5540298942142079274}
  m_Enabled: 1
  m_EditorHideFlags: 0
  m_Script: {fileID: 11500000, guid: 298df71d7d1c94f47a9df2b26686031c, type: 3}
  m_Name: 
  m_EditorClassIdentifier: 
  type: 1
  connection: l
  allowedCategories: []
  disallowedCategories: []
  partPointGUI: {fileID: 0}
  activateOnDisconnect: []
  connectedTo: {fileID: 0}
  part: {fileID: 0}
--- !u!114 &587082824151613747
MonoBehaviour:
  m_ObjectHideFlags: 0
  m_CorrespondingSourceObject: {fileID: 0}
  m_PrefabInstance: {fileID: 0}
  m_PrefabAsset: {fileID: 0}
  m_GameObject: {fileID: 5763572167020243857}
  m_Enabled: 1
  m_EditorHideFlags: 0
  m_Script: {fileID: 11500000, guid: 298df71d7d1c94f47a9df2b26686031c, type: 3}
  m_Name: 
  m_EditorClassIdentifier: 
  type: 0
  connection: r
  allowedCategories: []
  disallowedCategories: []
  partPointGUI: {fileID: 0}
  activateOnDisconnect: []
  connectedTo: {fileID: 0}
  part: {fileID: 0}
--- !u!64 &189414046836590495
MeshCollider:
  m_ObjectHideFlags: 0
  m_CorrespondingSourceObject: {fileID: 0}
  m_PrefabInstance: {fileID: 0}
  m_PrefabAsset: {fileID: 0}
  m_GameObject: {fileID: 6155777565929862038}
  m_Material: {fileID: 0}
  m_IsTrigger: 0
  m_Enabled: 1
  serializedVersion: 3
  m_Convex: 0
  m_CookingOptions: 14
  m_Mesh: {fileID: 3641501545585599953, guid: 30b6fca62dd106949870b928f76cc4d2, type: 3}
--- !u!114 &2098314802330151636
MonoBehaviour:
  m_ObjectHideFlags: 0
  m_CorrespondingSourceObject: {fileID: 0}
  m_PrefabInstance: {fileID: 0}
  m_PrefabAsset: {fileID: 0}
  m_GameObject: {fileID: 6155777565929862038}
  m_Enabled: 1
  m_EditorHideFlags: 0
  m_Script: {fileID: 11500000, guid: 816c52b73d7a1de4d8f07430f0420752, type: 3}
  m_Name: 
  m_EditorClassIdentifier: 
  partMeshType: main3
  setMaterialIndex: 1
  setMaterialIndex2: -1
  sewing: 0
--- !u!114 &6136298947784596945
MonoBehaviour:
  m_ObjectHideFlags: 0
  m_CorrespondingSourceObject: {fileID: 0}
  m_PrefabInstance: {fileID: 0}
  m_PrefabAsset: {fileID: 0}
  m_GameObject: {fileID: 6155777565929862038}
  m_Enabled: 1
  m_EditorHideFlags: 0
  m_Script: {fileID: 11500000, guid: 8ff23e8d62479ff46bcdd5e0aaed1393, type: 3}
  m_Name: 
  m_EditorClassIdentifier: 
  rotationOpen: {x: 65, y: 0, z: 0}
  rotationClosed: {x: 0, y: 0, z: 0}
  positionOpen: {x: 0, y: 0, z: 0}
  positionClosed: {x: 0, y: 0, z: 0}
  speed: 2
  connectedObject: {fileID: 0}
--- !u!114 &7787441006366956349
MonoBehaviour:
  m_ObjectHideFlags: 0
  m_CorrespondingSourceObject: {fileID: 0}
  m_PrefabInstance: {fileID: 0}
  m_PrefabAsset: {fileID: 0}
  m_GameObject: {fileID: 6155777565929862038}
  m_Enabled: 1
  m_EditorHideFlags: 0
  m_Script: {fileID: 11500000, guid: 816c52b73d7a1de4d8f07430f0420752, type: 3}
  m_Name: 
  m_EditorClassIdentifier: 
  partMeshType: main
  setMaterialIndex: 0
  setMaterialIndex2: -1
  sewing: 0
--- !u!64 &4152985129694204888
MeshCollider:
  m_ObjectHideFlags: 0
  m_CorrespondingSourceObject: {fileID: 0}
  m_PrefabInstance: {fileID: 0}
  m_PrefabAsset: {fileID: 0}
  m_GameObject: {fileID: 7446153935119738242}
  m_Material: {fileID: 0}
  m_IsTrigger: 0
  m_Enabled: 1
  serializedVersion: 3
  m_Convex: 0
  m_CookingOptions: 14
  m_Mesh: {fileID: -4501732522729545656, guid: 30b6fca62dd106949870b928f76cc4d2, type: 3}
--- !u!114 &4510622256785957979
MonoBehaviour:
  m_ObjectHideFlags: 0
  m_CorrespondingSourceObject: {fileID: 0}
  m_PrefabInstance: {fileID: 0}
  m_PrefabAsset: {fileID: 0}
  m_GameObject: {fileID: 7446153935119738242}
  m_Enabled: 1
  m_EditorHideFlags: 0
  m_Script: {fileID: 11500000, guid: 816c52b73d7a1de4d8f07430f0420752, type: 3}
  m_Name: 
  m_EditorClassIdentifier: 
  partMeshType: main3
  setMaterialIndex: 2
  setMaterialIndex2: -1
  sewing: 0
--- !u!114 &4610044862922089383
MonoBehaviour:
  m_ObjectHideFlags: 0
  m_CorrespondingSourceObject: {fileID: 0}
  m_PrefabInstance: {fileID: 0}
  m_PrefabAsset: {fileID: 0}
  m_GameObject: {fileID: 7446153935119738242}
  m_Enabled: 1
  m_EditorHideFlags: 0
  m_Script: {fileID: 11500000, guid: 816c52b73d7a1de4d8f07430f0420752, type: 3}
  m_Name: 
  m_EditorClassIdentifier: 
  partMeshType: main
  setMaterialIndex: 1
  setMaterialIndex2: -1
  sewing: 0
--- !u!114 &8699771314152767127
MonoBehaviour:
  m_ObjectHideFlags: 0
  m_CorrespondingSourceObject: {fileID: 0}
  m_PrefabInstance: {fileID: 0}
  m_PrefabAsset: {fileID: 0}
  m_GameObject: {fileID: 7446153935119738242}
  m_Enabled: 1
  m_EditorHideFlags: 0
  m_Script: {fileID: 11500000, guid: 816c52b73d7a1de4d8f07430f0420752, type: 3}
  m_Name: 
  m_EditorClassIdentifier: 
  partMeshType: main2
  setMaterialIndex: 0
  setMaterialIndex2: -1
  sewing: 0
--- !u!114 &1326845234445351887
MonoBehaviour:
  m_ObjectHideFlags: 0
  m_CorrespondingSourceObject: {fileID: 0}
  m_PrefabInstance: {fileID: 0}
  m_PrefabAsset: {fileID: 0}
  m_GameObject: {fileID: 7764214749207852343}
  m_Enabled: 1
  m_EditorHideFlags: 0
  m_Script: {fileID: 11500000, guid: 298df71d7d1c94f47a9df2b26686031c, type: 3}
  m_Name: 
  m_EditorClassIdentifier: 
  type: 2
  connection: l
  allowedCategories: []
  disallowedCategories: []
  partPointGUI: {fileID: 0}
  activateOnDisconnect: []
  connectedTo: {fileID: 0}
  part: {fileID: 0}
--- !u!64 &351105199835308134
MeshCollider:
  m_ObjectHideFlags: 0
  m_CorrespondingSourceObject: {fileID: 0}
  m_PrefabInstance: {fileID: 0}
  m_PrefabAsset: {fileID: 0}
  m_GameObject: {fileID: 8270589535405764173}
  m_Material: {fileID: 0}
  m_IsTrigger: 0
  m_Enabled: 1
  serializedVersion: 3
  m_Convex: 0
  m_CookingOptions: 14
  m_Mesh: {fileID: -7586305683178881418, guid: 30b6fca62dd106949870b928f76cc4d2, type: 3}
--- !u!114 &1803550062533810264
MonoBehaviour:
  m_ObjectHideFlags: 0
  m_CorrespondingSourceObject: {fileID: 0}
  m_PrefabInstance: {fileID: 0}
  m_PrefabAsset: {fileID: 0}
  m_GameObject: {fileID: 8270589535405764173}
  m_Enabled: 1
  m_EditorHideFlags: 0
  m_Script: {fileID: 11500000, guid: 816c52b73d7a1de4d8f07430f0420752, type: 3}
  m_Name: 
  m_EditorClassIdentifier: 
  partMeshType: main
  setMaterialIndex: -1
  setMaterialIndex2: -1
  sewing: 0
--- !u!1 &9059606835301832799
GameObject:
  m_ObjectHideFlags: 0
  m_CorrespondingSourceObject: {fileID: 0}
  m_PrefabInstance: {fileID: 0}
  m_PrefabAsset: {fileID: 0}
  serializedVersion: 6
  m_Component:
  - component: {fileID: 3764883755239553682}
  - component: {fileID: 3432978691827915109}
  m_Layer: 9
  m_Name: denv_1ka_680_V2
  m_TagString: Untagged
  m_Icon: {fileID: 0}
  m_NavMeshLayer: 0
  m_StaticEditorFlags: 0
  m_IsActive: 1
--- !u!4 &3764883755239553682
Transform:
  m_ObjectHideFlags: 0
  m_CorrespondingSourceObject: {fileID: 0}
  m_PrefabInstance: {fileID: 0}
  m_PrefabAsset: {fileID: 0}
  m_GameObject: {fileID: 9059606835301832799}
  m_LocalRotation: {x: 0, y: 1, z: 0, w: 0}
  m_LocalPosition: {x: 0, y: 0, z: 0}
  m_LocalScale: {x: 1, y: 1, z: 1}
  m_Children:
  - {fileID: 4487150099862059843}
  m_Father: {fileID: 0}
  m_RootOrder: 0
  m_LocalEulerAnglesHint: {x: 0, y: 180, z: 0}
--- !u!114 &3432978691827915109
MonoBehaviour:
  m_ObjectHideFlags: 0
  m_CorrespondingSourceObject: {fileID: 0}
  m_PrefabInstance: {fileID: 0}
  m_PrefabAsset: {fileID: 0}
  m_GameObject: {fileID: 9059606835301832799}
  m_Enabled: 1
  m_EditorHideFlags: 0
  m_Script: {fileID: 11500000, guid: de305606890b87e42a58c187eba6fe10, type: 3}
  m_Name: 
  m_EditorClassIdentifier: 
  partName: "1 sed\xE1k"
  partNameCombinations: []
  partDescription: 
  partCategory: universal
  includeInDimensions: 1
  dimensions: {x: 0.68218964, y: 0.8890772, z: 1}
  image: {fileID: 21300000, guid: 86d899694c23d064e91001cd65688beb, type: 3}
  type: 0
  partPoints:
  - {fileID: 3235958256882373064}
  - {fileID: 587082824151613747}
  canBeStandalone: 1
  sewingNames: []
  OnPartPointConnect:
    m_PersistentCalls:
      m_Calls: []
  possibleOptionalFunctions:
  - {fileID: 11400000, guid: 27003ad964711af4b9e2d118aa0cd649, type: 2}
  - {fileID: 11400000, guid: deb0d30bdf5052d4f87be75189870fb6, type: 2}
  selectedOptionalFunction: {fileID: 0}
--- !u!1001 &8880882906901991513
PrefabInstance:
  m_ObjectHideFlags: 0
  serializedVersion: 2
  m_Modification:
    m_TransformParent: {fileID: 3764883755239553682}
    m_Modifications:
    - target: {fileID: -927199367670048503, guid: 30b6fca62dd106949870b928f76cc4d2,
        type: 3}
      propertyPath: m_Name
      value: denv_1ka_680_V2
      objectReference: {fileID: 0}
    - target: {fileID: -927199367670048503, guid: 30b6fca62dd106949870b928f76cc4d2,
        type: 3}
      propertyPath: m_Layer
      value: 9
      objectReference: {fileID: 0}
    - target: {fileID: -7176144616041007653, guid: 30b6fca62dd106949870b928f76cc4d2,
        type: 3}
      propertyPath: m_Layer
      value: 9
      objectReference: {fileID: 0}
    - target: {fileID: -3346846153198635012, guid: 30b6fca62dd106949870b928f76cc4d2,
        type: 3}
      propertyPath: m_Layer
      value: 9
      objectReference: {fileID: 0}
    - target: {fileID: -3346846153198635012, guid: 30b6fca62dd106949870b928f76cc4d2,
        type: 3}
      propertyPath: m_IsActive
      value: 0
      objectReference: {fileID: 0}
    - target: {fileID: -8504992166918537708, guid: 30b6fca62dd106949870b928f76cc4d2,
        type: 3}
      propertyPath: m_Layer
      value: 9
      objectReference: {fileID: 0}
    - target: {fileID: -8504992166918537708, guid: 30b6fca62dd106949870b928f76cc4d2,
        type: 3}
      propertyPath: m_IsActive
      value: 0
      objectReference: {fileID: 0}
    - target: {fileID: 3801998689449982920, guid: 30b6fca62dd106949870b928f76cc4d2,
        type: 3}
      propertyPath: m_Layer
      value: 9
      objectReference: {fileID: 0}
    - target: {fileID: -2599512906018364056, guid: 30b6fca62dd106949870b928f76cc4d2,
        type: 3}
      propertyPath: m_Layer
      value: 9
      objectReference: {fileID: 0}
    - target: {fileID: 3337885200555844559, guid: 30b6fca62dd106949870b928f76cc4d2,
        type: 3}
      propertyPath: m_Layer
      value: 9
      objectReference: {fileID: 0}
    - target: {fileID: -2176926013407363980, guid: 30b6fca62dd106949870b928f76cc4d2,
        type: 3}
      propertyPath: m_Layer
      value: 9
      objectReference: {fileID: 0}
    - target: {fileID: -2176926013407363980, guid: 30b6fca62dd106949870b928f76cc4d2,
        type: 3}
      propertyPath: m_IsActive
      value: 0
      objectReference: {fileID: 0}
    - target: {fileID: 6512122857924472754, guid: 30b6fca62dd106949870b928f76cc4d2,
        type: 3}
      propertyPath: m_Layer
      value: 9
      objectReference: {fileID: 0}
    - target: {fileID: 6512122857924472754, guid: 30b6fca62dd106949870b928f76cc4d2,
        type: 3}
      propertyPath: m_IsActive
      value: 0
      objectReference: {fileID: 0}
    - target: {fileID: 1224754656200795502, guid: 30b6fca62dd106949870b928f76cc4d2,
        type: 3}
      propertyPath: m_Layer
      value: 9
      objectReference: {fileID: 0}
    - target: {fileID: -5198240855107653261, guid: 30b6fca62dd106949870b928f76cc4d2,
        type: 3}
      propertyPath: m_Layer
      value: 9
      objectReference: {fileID: 0}
    - target: {fileID: -5198240855107653261, guid: 30b6fca62dd106949870b928f76cc4d2,
        type: 3}
      propertyPath: m_IsActive
      value: 0
      objectReference: {fileID: 0}
    - target: {fileID: 3576596537692547293, guid: 30b6fca62dd106949870b928f76cc4d2,
        type: 3}
      propertyPath: m_Layer
      value: 9
      objectReference: {fileID: 0}
    - target: {fileID: 3576596537692547293, guid: 30b6fca62dd106949870b928f76cc4d2,
        type: 3}
      propertyPath: m_IsActive
      value: 0
      objectReference: {fileID: 0}
    - target: {fileID: -7351316370799407413, guid: 30b6fca62dd106949870b928f76cc4d2,
        type: 3}
      propertyPath: m_Layer
      value: 9
      objectReference: {fileID: 0}
    - target: {fileID: -7351316370799407413, guid: 30b6fca62dd106949870b928f76cc4d2,
        type: 3}
      propertyPath: m_IsActive
      value: 0
      objectReference: {fileID: 0}
    - target: {fileID: -4216859302048453862, guid: 30b6fca62dd106949870b928f76cc4d2,
        type: 3}
      propertyPath: m_LocalPosition.x
      value: 0
      objectReference: {fileID: 0}
    - target: {fileID: -4216859302048453862, guid: 30b6fca62dd106949870b928f76cc4d2,
        type: 3}
      propertyPath: m_LocalPosition.y
      value: 0
      objectReference: {fileID: 0}
    - target: {fileID: -4216859302048453862, guid: 30b6fca62dd106949870b928f76cc4d2,
        type: 3}
      propertyPath: m_LocalPosition.z
      value: 0
      objectReference: {fileID: 0}
    - target: {fileID: -4216859302048453862, guid: 30b6fca62dd106949870b928f76cc4d2,
        type: 3}
      propertyPath: m_LocalRotation.x
      value: 0
      objectReference: {fileID: 0}
    - target: {fileID: -4216859302048453862, guid: 30b6fca62dd106949870b928f76cc4d2,
        type: 3}
      propertyPath: m_LocalRotation.y
      value: 0
      objectReference: {fileID: 0}
    - target: {fileID: -4216859302048453862, guid: 30b6fca62dd106949870b928f76cc4d2,
        type: 3}
      propertyPath: m_LocalRotation.z
      value: 0
      objectReference: {fileID: 0}
    - target: {fileID: -4216859302048453862, guid: 30b6fca62dd106949870b928f76cc4d2,
        type: 3}
      propertyPath: m_LocalRotation.w
      value: 1
      objectReference: {fileID: 0}
    - target: {fileID: -4216859302048453862, guid: 30b6fca62dd106949870b928f76cc4d2,
        type: 3}
      propertyPath: m_RootOrder
      value: 0
      objectReference: {fileID: 0}
    - target: {fileID: -4216859302048453862, guid: 30b6fca62dd106949870b928f76cc4d2,
        type: 3}
      propertyPath: m_LocalEulerAnglesHint.x
      value: 0
      objectReference: {fileID: 0}
    - target: {fileID: -4216859302048453862, guid: 30b6fca62dd106949870b928f76cc4d2,
        type: 3}
      propertyPath: m_LocalEulerAnglesHint.y
      value: 0
      objectReference: {fileID: 0}
    - target: {fileID: -4216859302048453862, guid: 30b6fca62dd106949870b928f76cc4d2,
        type: 3}
      propertyPath: m_LocalEulerAnglesHint.z
      value: 0
      objectReference: {fileID: 0}
    - target: {fileID: -3567992975015797708, guid: 30b6fca62dd106949870b928f76cc4d2,
        type: 3}
      propertyPath: m_LocalPosition.z
      value: 1.5
      objectReference: {fileID: 0}
    - target: {fileID: 349107712256716843, guid: 30b6fca62dd106949870b928f76cc4d2,
        type: 3}
      propertyPath: m_LocalRotation.x
      value: 0
      objectReference: {fileID: 0}
    - target: {fileID: 349107712256716843, guid: 30b6fca62dd106949870b928f76cc4d2,
        type: 3}
      propertyPath: m_LocalRotation.z
      value: 0
      objectReference: {fileID: 0}
    - target: {fileID: 349107712256716843, guid: 30b6fca62dd106949870b928f76cc4d2,
        type: 3}
      propertyPath: m_LocalRotation.w
      value: 1
      objectReference: {fileID: 0}
    - target: {fileID: 349107712256716843, guid: 30b6fca62dd106949870b928f76cc4d2,
        type: 3}
      propertyPath: m_LocalEulerAnglesHint.x
      value: 0
      objectReference: {fileID: 0}
    - target: {fileID: -2690125448193760682, guid: 30b6fca62dd106949870b928f76cc4d2,
        type: 3}
      propertyPath: m_Materials.Array.data[0]
      value: 
      objectReference: {fileID: 2100000, guid: 2abd7b2298a510a4aa3c01245cd0c1ec, type: 2}
    - target: {fileID: -2690125448193760682, guid: 30b6fca62dd106949870b928f76cc4d2,
        type: 3}
      propertyPath: m_Materials.Array.data[1]
      value: 
      objectReference: {fileID: 2100000, guid: 2abd7b2298a510a4aa3c01245cd0c1ec, type: 2}
    - target: {fileID: -7740347167737998042, guid: 30b6fca62dd106949870b928f76cc4d2,
        type: 3}
      propertyPath: m_Materials.Array.data[0]
      value: 
      objectReference: {fileID: 2100000, guid: 2abd7b2298a510a4aa3c01245cd0c1ec, type: 2}
    - target: {fileID: -7740347167737998042, guid: 30b6fca62dd106949870b928f76cc4d2,
        type: 3}
      propertyPath: m_Materials.Array.data[1]
      value: 
      objectReference: {fileID: 2100000, guid: 2abd7b2298a510a4aa3c01245cd0c1ec, type: 2}
    - target: {fileID: -7740347167737998042, guid: 30b6fca62dd106949870b928f76cc4d2,
        type: 3}
      propertyPath: m_Materials.Array.data[2]
      value: 
      objectReference: {fileID: 2100000, guid: 2abd7b2298a510a4aa3c01245cd0c1ec, type: 2}
    m_RemovedComponents: []
  m_SourcePrefab: {fileID: 100100000, guid: 30b6fca62dd106949870b928f76cc4d2, type: 3}
--- !u!1 &3076704927545632677 stripped
GameObject:
  m_CorrespondingSourceObject: {fileID: -3346846153198635012, guid: 30b6fca62dd106949870b928f76cc4d2,
    type: 3}
  m_PrefabInstance: {fileID: 8880882906901991513}
  m_PrefabAsset: {fileID: 0}
--- !u!1 &1942523275048430637 stripped
GameObject:
  m_CorrespondingSourceObject: {fileID: -2176926013407363980, guid: 30b6fca62dd106949870b928f76cc4d2,
    type: 3}
  m_PrefabInstance: {fileID: 8880882906901991513}
  m_PrefabAsset: {fileID: 0}
--- !u!1 &7446153935119738242 stripped
GameObject:
  m_CorrespondingSourceObject: {fileID: -7176144616041007653, guid: 30b6fca62dd106949870b928f76cc4d2,
    type: 3}
  m_PrefabInstance: {fileID: 8880882906901991513}
  m_PrefabAsset: {fileID: 0}
--- !u!4 &4487150099862059843 stripped
Transform:
  m_CorrespondingSourceObject: {fileID: -4216859302048453862, guid: 30b6fca62dd106949870b928f76cc4d2,
    type: 3}
  m_PrefabInstance: {fileID: 8880882906901991513}
  m_PrefabAsset: {fileID: 0}
--- !u!1 &2405079224985681899 stripped
GameObject:
  m_CorrespondingSourceObject: {fileID: 6512122857924472754, guid: 30b6fca62dd106949870b928f76cc4d2,
    type: 3}
  m_PrefabInstance: {fileID: 8880882906901991513}
  m_PrefabAsset: {fileID: 0}
--- !u!1 &6155777565929862038 stripped
GameObject:
  m_CorrespondingSourceObject: {fileID: 3337885200555844559, guid: 30b6fca62dd106949870b928f76cc4d2,
    type: 3}
  m_PrefabInstance: {fileID: 8880882906901991513}
  m_PrefabAsset: {fileID: 0}
--- !u!1 &2365400511273776433 stripped
GameObject:
  m_CorrespondingSourceObject: {fileID: -2599512906018364056, guid: 30b6fca62dd106949870b928f76cc4d2,
    type: 3}
  m_PrefabInstance: {fileID: 8880882906901991513}
  m_PrefabAsset: {fileID: 0}
--- !u!1 &7764214749207852343 stripped
GameObject:
  m_CorrespondingSourceObject: {fileID: 1224754656200795502, guid: 30b6fca62dd106949870b928f76cc4d2,
    type: 3}
  m_PrefabInstance: {fileID: 8880882906901991513}
  m_PrefabAsset: {fileID: 0}
--- !u!1 &5763572167020243857 stripped
GameObject:
  m_CorrespondingSourceObject: {fileID: 3801998689449982920, guid: 30b6fca62dd106949870b928f76cc4d2,
    type: 3}
  m_PrefabInstance: {fileID: 8880882906901991513}
  m_PrefabAsset: {fileID: 0}
--- !u!1 &5540298942142079274 stripped
GameObject:
  m_CorrespondingSourceObject: {fileID: -5198240855107653261, guid: 30b6fca62dd106949870b928f76cc4d2,
    type: 3}
  m_PrefabInstance: {fileID: 8880882906901991513}
  m_PrefabAsset: {fileID: 0}
--- !u!1 &8270589535405764173 stripped
GameObject:
  m_CorrespondingSourceObject: {fileID: -8504992166918537708, guid: 30b6fca62dd106949870b928f76cc4d2,
    type: 3}
  m_PrefabInstance: {fileID: 8880882906901991513}
  m_PrefabAsset: {fileID: 0}
