%YAML 1.1
%TAG !u! tag:unity3d.com,2011:
--- !u!114 &3663981654996367733
MonoBehaviour:
  m_ObjectHideFlags: 0
  m_CorrespondingSourceObject: {fileID: 0}
  m_PrefabInstance: {fileID: 0}
  m_PrefabAsset: {fileID: 0}
  m_GameObject: {fileID: 362924712775945447}
  m_Enabled: 1
  m_EditorHideFlags: 0
  m_Script: {fileID: 11500000, guid: 816c52b73d7a1de4d8f07430f0420752, type: 3}
  m_Name: 
  m_EditorClassIdentifier: 
  partMeshType: legs
  setMaterialIndex: -1
  setMaterialIndex2: -1
  sewing: 0
--- !u!114 &2494684225404806050
MonoBehaviour:
  m_ObjectHideFlags: 0
  m_CorrespondingSourceObject: {fileID: 0}
  m_PrefabInstance: {fileID: 0}
  m_PrefabAsset: {fileID: 0}
  m_GameObject: {fileID: 1657877520224523468}
  m_Enabled: 1
  m_EditorHideFlags: 0
  m_Script: {fileID: 11500000, guid: 816c52b73d7a1de4d8f07430f0420752, type: 3}
  m_Name: 
  m_EditorClassIdentifier: 
  partMeshType: legs
  setMaterialIndex: -1
  setMaterialIndex2: -1
  sewing: 0
--- !u!114 &2416290586154806248
MonoBehaviour:
  m_ObjectHideFlags: 0
  m_CorrespondingSourceObject: {fileID: 0}
  m_PrefabInstance: {fileID: 0}
  m_PrefabAsset: {fileID: 0}
  m_GameObject: {fileID: 1719730212289590979}
  m_Enabled: 1
  m_EditorHideFlags: 0
  m_Script: {fileID: 11500000, guid: 816c52b73d7a1de4d8f07430f0420752, type: 3}
  m_Name: 
  m_EditorClassIdentifier: 
  partMeshType: legs2
  setMaterialIndex: -1
  setMaterialIndex2: -1
  sewing: 0
--- !u!64 &794290067459078550
MeshCollider:
  m_ObjectHideFlags: 0
  m_CorrespondingSourceObject: {fileID: 0}
  m_PrefabInstance: {fileID: 0}
  m_PrefabAsset: {fileID: 0}
  m_GameObject: {fileID: 2535614816089232529}
  m_Material: {fileID: 0}
  m_IsTrigger: 0
  m_Enabled: 1
  serializedVersion: 3
  m_Convex: 0
  m_CookingOptions: 14
  m_Mesh: {fileID: -2921827125871301181, guid: bb3f14618b75b6943a19cd58b5ecf126, type: 3}
--- !u!114 &2401328086672669716
MonoBehaviour:
  m_ObjectHideFlags: 0
  m_CorrespondingSourceObject: {fileID: 0}
  m_PrefabInstance: {fileID: 0}
  m_PrefabAsset: {fileID: 0}
  m_GameObject: {fileID: 2535614816089232529}
  m_Enabled: 1
  m_EditorHideFlags: 0
  m_Script: {fileID: 11500000, guid: 816c52b73d7a1de4d8f07430f0420752, type: 3}
  m_Name: 
  m_EditorClassIdentifier: 
  partMeshType: main
  setMaterialIndex: -1
  setMaterialIndex2: -1
  sewing: 0
--- !u!114 &83990705034043711
MonoBehaviour:
  m_ObjectHideFlags: 0
  m_CorrespondingSourceObject: {fileID: 0}
  m_PrefabInstance: {fileID: 0}
  m_PrefabAsset: {fileID: 0}
  m_GameObject: {fileID: 2715568372460357230}
  m_Enabled: 1
  m_EditorHideFlags: 0
  m_Script: {fileID: 11500000, guid: 816c52b73d7a1de4d8f07430f0420752, type: 3}
  m_Name: 
  m_EditorClassIdentifier: 
  partMeshType: legs
  setMaterialIndex: -1
  setMaterialIndex2: -1
  sewing: 0
--- !u!114 &4078930919419509133
MonoBehaviour:
  m_ObjectHideFlags: 0
  m_CorrespondingSourceObject: {fileID: 0}
  m_PrefabInstance: {fileID: 0}
  m_PrefabAsset: {fileID: 0}
  m_GameObject: {fileID: 2949206716155309592}
  m_Enabled: 1
  m_EditorHideFlags: 0
  m_Script: {fileID: 11500000, guid: 816c52b73d7a1de4d8f07430f0420752, type: 3}
  m_Name: 
  m_EditorClassIdentifier: 
  partMeshType: legs2
  setMaterialIndex: -1
  setMaterialIndex2: -1
  sewing: 0
--- !u!114 &7455122485877270359
MonoBehaviour:
  m_ObjectHideFlags: 0
  m_CorrespondingSourceObject: {fileID: 0}
  m_PrefabInstance: {fileID: 0}
  m_PrefabAsset: {fileID: 0}
  m_GameObject: {fileID: 3358045975195830707}
  m_Enabled: 1
  m_EditorHideFlags: 0
  m_Script: {fileID: 11500000, guid: 298df71d7d1c94f47a9df2b26686031c, type: 3}
  m_Name: 
  m_EditorClassIdentifier: 
  type: 0
  connection: l
  allowedCategories:
  - armr
  disallowedCategories: []
  partPointGUI: {fileID: 0}
  activateOnDisconnect: []
  connectedTo: {fileID: 0}
  part: {fileID: 0}
--- !u!1 &3484305824803471806
GameObject:
  m_ObjectHideFlags: 0
  m_CorrespondingSourceObject: {fileID: 0}
  m_PrefabInstance: {fileID: 0}
  m_PrefabAsset: {fileID: 0}
  serializedVersion: 6
  m_Component:
  - component: {fileID: 6636809507409785438}
  - component: {fileID: 1029650134477675665}
  m_Layer: 9
  m_Name: denv_LEZADLO_770x1750_V2 1
  m_TagString: Untagged
  m_Icon: {fileID: 0}
  m_NavMeshLayer: 0
  m_StaticEditorFlags: 0
  m_IsActive: 1
--- !u!4 &6636809507409785438
Transform:
  m_ObjectHideFlags: 0
  m_CorrespondingSourceObject: {fileID: 0}
  m_PrefabInstance: {fileID: 0}
  m_PrefabAsset: {fileID: 0}
  m_GameObject: {fileID: 3484305824803471806}
  m_LocalRotation: {x: 0, y: 1, z: 0, w: 0}
  m_LocalPosition: {x: 0, y: 0, z: 0}
  m_LocalScale: {x: 1, y: 1, z: 1}
  m_Children:
  - {fileID: 4549335507681738913}
  m_Father: {fileID: 0}
  m_RootOrder: 0
  m_LocalEulerAnglesHint: {x: 0, y: 180, z: 0}
--- !u!114 &1029650134477675665
MonoBehaviour:
  m_ObjectHideFlags: 0
  m_CorrespondingSourceObject: {fileID: 0}
  m_PrefabInstance: {fileID: 0}
  m_PrefabAsset: {fileID: 0}
  m_GameObject: {fileID: 3484305824803471806}
  m_Enabled: 1
  m_EditorHideFlags: 0
  m_Script: {fileID: 11500000, guid: de305606890b87e42a58c187eba6fe10, type: 3}
  m_Name: 
  m_EditorClassIdentifier: 
  partName: Longchair
  partNameCombinations: []
  partDescription: 
  partCategory: ottoman
  includeInDimensions: 1
  dimensions: {x: 0.9285313, y: 0.8890773, z: 1.7927673}
  image: {fileID: 21300000, guid: 5461d0f943a2cf54a99c1f66bc2c6625, type: 3}
  type: 0
  partPoints:
  - {fileID: 2249051110914447807}
  - {fileID: 7455122485877270359}
  canBeStandalone: 1
  sewingNames: []
  OnPartPointConnect:
    m_PersistentCalls:
      m_Calls: []
  possibleOptionalFunctions:
  - {fileID: 11400000, guid: dcb8bd2b1c4d2414d800ea4eaf01462a, type: 2}
  selectedOptionalFunction: {fileID: 0}
--- !u!114 &7387495511120580829
MonoBehaviour:
  m_ObjectHideFlags: 0
  m_CorrespondingSourceObject: {fileID: 0}
  m_PrefabInstance: {fileID: 0}
  m_PrefabAsset: {fileID: 0}
  m_GameObject: {fileID: 4588452027625383729}
  m_Enabled: 1
  m_EditorHideFlags: 0
  m_Script: {fileID: 11500000, guid: 816c52b73d7a1de4d8f07430f0420752, type: 3}
  m_Name: 
  m_EditorClassIdentifier: 
  partMeshType: legs
  setMaterialIndex: -1
  setMaterialIndex2: -1
  sewing: 0
--- !u!114 &2249051110914447807
MonoBehaviour:
  m_ObjectHideFlags: 0
  m_CorrespondingSourceObject: {fileID: 0}
  m_PrefabInstance: {fileID: 0}
  m_PrefabAsset: {fileID: 0}
  m_GameObject: {fileID: 7259484964247142102}
  m_Enabled: 1
  m_EditorHideFlags: 0
  m_Script: {fileID: 11500000, guid: 298df71d7d1c94f47a9df2b26686031c, type: 3}
  m_Name: 
  m_EditorClassIdentifier: 
  type: 0
  connection: r
  allowedCategories: []
  disallowedCategories: []
  partPointGUI: {fileID: 0}
  activateOnDisconnect: []
  connectedTo: {fileID: 0}
  part: {fileID: 0}
--- !u!64 &8344712947613038538
MeshCollider:
  m_ObjectHideFlags: 0
  m_CorrespondingSourceObject: {fileID: 0}
  m_PrefabInstance: {fileID: 0}
  m_PrefabAsset: {fileID: 0}
  m_GameObject: {fileID: 7412927958761915600}
  m_Material: {fileID: 0}
  m_IsTrigger: 0
  m_Enabled: 1
  serializedVersion: 3
  m_Convex: 0
  m_CookingOptions: 14
  m_Mesh: {fileID: 8018579456860815277, guid: bb3f14618b75b6943a19cd58b5ecf126, type: 3}
--- !u!114 &365609658765865074
MonoBehaviour:
  m_ObjectHideFlags: 0
  m_CorrespondingSourceObject: {fileID: 0}
  m_PrefabInstance: {fileID: 0}
  m_PrefabAsset: {fileID: 0}
  m_GameObject: {fileID: 7412927958761915600}
  m_Enabled: 1
  m_EditorHideFlags: 0
  m_Script: {fileID: 11500000, guid: 816c52b73d7a1de4d8f07430f0420752, type: 3}
  m_Name: 
  m_EditorClassIdentifier: 
  partMeshType: main
  setMaterialIndex: 1
  setMaterialIndex2: -1
  sewing: 0
--- !u!114 &498036922012372542
MonoBehaviour:
  m_ObjectHideFlags: 0
  m_CorrespondingSourceObject: {fileID: 0}
  m_PrefabInstance: {fileID: 0}
  m_PrefabAsset: {fileID: 0}
  m_GameObject: {fileID: 7412927958761915600}
  m_Enabled: 1
  m_EditorHideFlags: 0
  m_Script: {fileID: 11500000, guid: 816c52b73d7a1de4d8f07430f0420752, type: 3}
  m_Name: 
  m_EditorClassIdentifier: 
  partMeshType: main3
  setMaterialIndex: 2
  setMaterialIndex2: -1
  sewing: 0
--- !u!114 &5429060802259855347
MonoBehaviour:
  m_ObjectHideFlags: 0
  m_CorrespondingSourceObject: {fileID: 0}
  m_PrefabInstance: {fileID: 0}
  m_PrefabAsset: {fileID: 0}
  m_GameObject: {fileID: 7412927958761915600}
  m_Enabled: 1
  m_EditorHideFlags: 0
  m_Script: {fileID: 11500000, guid: 816c52b73d7a1de4d8f07430f0420752, type: 3}
  m_Name: 
  m_EditorClassIdentifier: 
  partMeshType: main2
  setMaterialIndex: 0
  setMaterialIndex2: -1
  sewing: 0
--- !u!64 &1602202546845261094
MeshCollider:
  m_ObjectHideFlags: 0
  m_CorrespondingSourceObject: {fileID: 0}
  m_PrefabInstance: {fileID: 0}
  m_PrefabAsset: {fileID: 0}
  m_GameObject: {fileID: 8513016451265744178}
  m_Material: {fileID: 0}
  m_IsTrigger: 0
  m_Enabled: 1
  serializedVersion: 3
  m_Convex: 0
  m_CookingOptions: 14
  m_Mesh: {fileID: -7003681361653380832, guid: bb3f14618b75b6943a19cd58b5ecf126, type: 3}
--- !u!114 &2991714184826023300
MonoBehaviour:
  m_ObjectHideFlags: 0
  m_CorrespondingSourceObject: {fileID: 0}
  m_PrefabInstance: {fileID: 0}
  m_PrefabAsset: {fileID: 0}
  m_GameObject: {fileID: 8513016451265744178}
  m_Enabled: 1
  m_EditorHideFlags: 0
  m_Script: {fileID: 11500000, guid: 816c52b73d7a1de4d8f07430f0420752, type: 3}
  m_Name: 
  m_EditorClassIdentifier: 
  partMeshType: main
  setMaterialIndex: -1
  setMaterialIndex2: -1
  sewing: 0
--- !u!114 &5318685364776041352
MonoBehaviour:
  m_ObjectHideFlags: 0
  m_CorrespondingSourceObject: {fileID: 0}
  m_PrefabInstance: {fileID: 0}
  m_PrefabAsset: {fileID: 0}
  m_GameObject: {fileID: 8513016451265744178}
  m_Enabled: 1
  m_EditorHideFlags: 0
  m_Script: {fileID: 11500000, guid: 8ff23e8d62479ff46bcdd5e0aaed1393, type: 3}
  m_Name: 
  m_EditorClassIdentifier: 
  rotationOpen: {x: 65, y: 0, z: 0}
  rotationClosed: {x: 0, y: 0, z: 0}
  positionOpen: {x: 0, y: 0, z: 0}
  positionClosed: {x: 0, y: 0, z: 0}
  speed: 2
  connectedObject: {fileID: 0}
--- !u!64 &4927872159758192922
MeshCollider:
  m_ObjectHideFlags: 0
  m_CorrespondingSourceObject: {fileID: 0}
  m_PrefabInstance: {fileID: 0}
  m_PrefabAsset: {fileID: 0}
  m_GameObject: {fileID: 9215401375645554519}
  m_Material: {fileID: 0}
  m_IsTrigger: 0
  m_Enabled: 1
  serializedVersion: 3
  m_Convex: 0
  m_CookingOptions: 14
  m_Mesh: {fileID: 7474325954618076354, guid: bb3f14618b75b6943a19cd58b5ecf126, type: 3}
--- !u!114 &52476719200865907
MonoBehaviour:
  m_ObjectHideFlags: 0
  m_CorrespondingSourceObject: {fileID: 0}
  m_PrefabInstance: {fileID: 0}
  m_PrefabAsset: {fileID: 0}
  m_GameObject: {fileID: 9215401375645554519}
  m_Enabled: 1
  m_EditorHideFlags: 0
  m_Script: {fileID: 11500000, guid: 8ff23e8d62479ff46bcdd5e0aaed1393, type: 3}
  m_Name: 
  m_EditorClassIdentifier: 
  rotationOpen: {x: 65, y: 0, z: 0}
  rotationClosed: {x: 0, y: 0, z: 0}
  positionOpen: {x: 0, y: 0, z: 0}
  positionClosed: {x: 0, y: 0, z: 0}
  speed: 2
  connectedObject: {fileID: 0}
--- !u!114 &2293606863097537558
MonoBehaviour:
  m_ObjectHideFlags: 0
  m_CorrespondingSourceObject: {fileID: 0}
  m_PrefabInstance: {fileID: 0}
  m_PrefabAsset: {fileID: 0}
  m_GameObject: {fileID: 9215401375645554519}
  m_Enabled: 1
  m_EditorHideFlags: 0
  m_Script: {fileID: 11500000, guid: 816c52b73d7a1de4d8f07430f0420752, type: 3}
  m_Name: 
  m_EditorClassIdentifier: 
  partMeshType: main3
  setMaterialIndex: 1
  setMaterialIndex2: -1
  sewing: 0
--- !u!114 &5279794385126272179
MonoBehaviour:
  m_ObjectHideFlags: 0
  m_CorrespondingSourceObject: {fileID: 0}
  m_PrefabInstance: {fileID: 0}
  m_PrefabAsset: {fileID: 0}
  m_GameObject: {fileID: 9215401375645554519}
  m_Enabled: 1
  m_EditorHideFlags: 0
  m_Script: {fileID: 11500000, guid: 816c52b73d7a1de4d8f07430f0420752, type: 3}
  m_Name: 
  m_EditorClassIdentifier: 
  partMeshType: main
  setMaterialIndex: 0
  setMaterialIndex2: -1
  sewing: 0
--- !u!1001 &8816016469036411835
PrefabInstance:
  m_ObjectHideFlags: 0
  serializedVersion: 2
  m_Modification:
    m_TransformParent: {fileID: 6636809507409785438}
    m_Modifications:
    - target: {fileID: -927199367670048503, guid: bb3f14618b75b6943a19cd58b5ecf126,
        type: 3}
      propertyPath: m_Name
      value: denv_LEZADLO_770x1750_V2
      objectReference: {fileID: 0}
    - target: {fileID: -927199367670048503, guid: bb3f14618b75b6943a19cd58b5ecf126,
        type: 3}
      propertyPath: m_Layer
      value: 9
      objectReference: {fileID: 0}
    - target: {fileID: -7153744845646303381, guid: bb3f14618b75b6943a19cd58b5ecf126,
        type: 3}
      propertyPath: m_Layer
      value: 9
      objectReference: {fileID: 0}
    - target: {fileID: -2780805123320840406, guid: bb3f14618b75b6943a19cd58b5ecf126,
        type: 3}
      propertyPath: m_Layer
      value: 9
      objectReference: {fileID: 0}
    - target: {fileID: -2780805123320840406, guid: bb3f14618b75b6943a19cd58b5ecf126,
        type: 3}
      propertyPath: m_IsActive
      value: 0
      objectReference: {fileID: 0}
    - target: {fileID: 2226492733056734573, guid: bb3f14618b75b6943a19cd58b5ecf126,
        type: 3}
      propertyPath: m_Layer
      value: 9
      objectReference: {fileID: 0}
    - target: {fileID: 6107696112541557256, guid: bb3f14618b75b6943a19cd58b5ecf126,
        type: 3}
      propertyPath: m_Layer
      value: 9
      objectReference: {fileID: 0}
    - target: {fileID: 413037028236033260, guid: bb3f14618b75b6943a19cd58b5ecf126,
        type: 3}
      propertyPath: m_Layer
      value: 9
      objectReference: {fileID: 0}
    - target: {fileID: -8323629443098024311, guid: bb3f14618b75b6943a19cd58b5ecf126,
        type: 3}
      propertyPath: m_Layer
      value: 9
      objectReference: {fileID: 0}
    - target: {fileID: -8323629443098024311, guid: bb3f14618b75b6943a19cd58b5ecf126,
        type: 3}
      propertyPath: m_IsActive
      value: 0
      objectReference: {fileID: 0}
    - target: {fileID: 9174279248747177820, guid: bb3f14618b75b6943a19cd58b5ecf126,
        type: 3}
      propertyPath: m_Layer
      value: 9
      objectReference: {fileID: 0}
    - target: {fileID: 5041142658892860554, guid: bb3f14618b75b6943a19cd58b5ecf126,
        type: 3}
      propertyPath: m_Layer
      value: 9
      objectReference: {fileID: 0}
    - target: {fileID: -1343974196321042569, guid: bb3f14618b75b6943a19cd58b5ecf126,
        type: 3}
      propertyPath: m_Layer
      value: 9
      objectReference: {fileID: 0}
    - target: {fileID: -1331519847742333576, guid: bb3f14618b75b6943a19cd58b5ecf126,
        type: 3}
      propertyPath: m_Layer
      value: 9
      objectReference: {fileID: 0}
    - target: {fileID: -1331519847742333576, guid: bb3f14618b75b6943a19cd58b5ecf126,
        type: 3}
      propertyPath: m_IsActive
      value: 0
      objectReference: {fileID: 0}
    - target: {fileID: -3263588396336249437, guid: bb3f14618b75b6943a19cd58b5ecf126,
        type: 3}
      propertyPath: m_Layer
      value: 9
      objectReference: {fileID: 0}
    - target: {fileID: -3263588396336249437, guid: bb3f14618b75b6943a19cd58b5ecf126,
        type: 3}
      propertyPath: m_IsActive
      value: 0
      objectReference: {fileID: 0}
    - target: {fileID: 6915113714012237269, guid: bb3f14618b75b6943a19cd58b5ecf126,
        type: 3}
      propertyPath: m_Layer
      value: 9
      objectReference: {fileID: 0}
    - target: {fileID: -4216859302048453862, guid: bb3f14618b75b6943a19cd58b5ecf126,
        type: 3}
      propertyPath: m_LocalPosition.x
      value: 0
      objectReference: {fileID: 0}
    - target: {fileID: -4216859302048453862, guid: bb3f14618b75b6943a19cd58b5ecf126,
        type: 3}
      propertyPath: m_LocalPosition.y
      value: 0
      objectReference: {fileID: 0}
    - target: {fileID: -4216859302048453862, guid: bb3f14618b75b6943a19cd58b5ecf126,
        type: 3}
      propertyPath: m_LocalPosition.z
      value: 0
      objectReference: {fileID: 0}
    - target: {fileID: -4216859302048453862, guid: bb3f14618b75b6943a19cd58b5ecf126,
        type: 3}
      propertyPath: m_LocalRotation.x
      value: 0
      objectReference: {fileID: 0}
    - target: {fileID: -4216859302048453862, guid: bb3f14618b75b6943a19cd58b5ecf126,
        type: 3}
      propertyPath: m_LocalRotation.y
      value: 0
      objectReference: {fileID: 0}
    - target: {fileID: -4216859302048453862, guid: bb3f14618b75b6943a19cd58b5ecf126,
        type: 3}
      propertyPath: m_LocalRotation.z
      value: 0
      objectReference: {fileID: 0}
    - target: {fileID: -4216859302048453862, guid: bb3f14618b75b6943a19cd58b5ecf126,
        type: 3}
      propertyPath: m_LocalRotation.w
      value: 1
      objectReference: {fileID: 0}
    - target: {fileID: -4216859302048453862, guid: bb3f14618b75b6943a19cd58b5ecf126,
        type: 3}
      propertyPath: m_RootOrder
      value: 0
      objectReference: {fileID: 0}
    - target: {fileID: -4216859302048453862, guid: bb3f14618b75b6943a19cd58b5ecf126,
        type: 3}
      propertyPath: m_LocalEulerAnglesHint.x
      value: 0
      objectReference: {fileID: 0}
    - target: {fileID: -4216859302048453862, guid: bb3f14618b75b6943a19cd58b5ecf126,
        type: 3}
      propertyPath: m_LocalEulerAnglesHint.y
      value: 0
      objectReference: {fileID: 0}
    - target: {fileID: -4216859302048453862, guid: bb3f14618b75b6943a19cd58b5ecf126,
        type: 3}
      propertyPath: m_LocalEulerAnglesHint.z
      value: 0
      objectReference: {fileID: 0}
    - target: {fileID: -4216859302048453862, guid: bb3f14618b75b6943a19cd58b5ecf126,
        type: 3}
      propertyPath: m_LocalScale.x
      value: -1
      objectReference: {fileID: 0}
    - target: {fileID: 8960526770769325681, guid: bb3f14618b75b6943a19cd58b5ecf126,
        type: 3}
      propertyPath: m_Materials.Array.data[0]
      value: 
      objectReference: {fileID: 2100000, guid: 2abd7b2298a510a4aa3c01245cd0c1ec, type: 2}
    - target: {fileID: 6727129833166908953, guid: bb3f14618b75b6943a19cd58b5ecf126,
        type: 3}
      propertyPath: m_Materials.Array.data[0]
      value: 
      objectReference: {fileID: 2100000, guid: ef0a40ef0c4155445bab600761bd9a08, type: 2}
    - target: {fileID: 4842297751329648535, guid: bb3f14618b75b6943a19cd58b5ecf126,
        type: 3}
      propertyPath: m_Materials.Array.data[0]
      value: 
      objectReference: {fileID: 2100000, guid: ef0a40ef0c4155445bab600761bd9a08, type: 2}
    - target: {fileID: -5166499286331151700, guid: bb3f14618b75b6943a19cd58b5ecf126,
        type: 3}
      propertyPath: m_Materials.Array.data[0]
      value: 
      objectReference: {fileID: 2100000, guid: ef0a40ef0c4155445bab600761bd9a08, type: 2}
    - target: {fileID: -5166499286331151700, guid: bb3f14618b75b6943a19cd58b5ecf126,
        type: 3}
      propertyPath: m_Materials.Array.data[1]
      value: 
      objectReference: {fileID: 2100000, guid: ef0a40ef0c4155445bab600761bd9a08, type: 2}
    - target: {fileID: -6724338394361764200, guid: bb3f14618b75b6943a19cd58b5ecf126,
        type: 3}
      propertyPath: m_Materials.Array.data[0]
      value: 
      objectReference: {fileID: 2100000, guid: 2abd7b2298a510a4aa3c01245cd0c1ec, type: 2}
    - target: {fileID: -6724338394361764200, guid: bb3f14618b75b6943a19cd58b5ecf126,
        type: 3}
      propertyPath: m_Materials.Array.data[1]
      value: 
      objectReference: {fileID: 2100000, guid: 2abd7b2298a510a4aa3c01245cd0c1ec, type: 2}
    - target: {fileID: -6724338394361764200, guid: bb3f14618b75b6943a19cd58b5ecf126,
        type: 3}
      propertyPath: m_Materials.Array.data[2]
      value: 
      objectReference: {fileID: 2100000, guid: 2abd7b2298a510a4aa3c01245cd0c1ec, type: 2}
    - target: {fileID: 2605078623977083902, guid: bb3f14618b75b6943a19cd58b5ecf126,
        type: 3}
      propertyPath: m_Materials.Array.data[0]
      value: 
      objectReference: {fileID: 2100000, guid: 2abd7b2298a510a4aa3c01245cd0c1ec, type: 2}
    - target: {fileID: 1951229499516727214, guid: bb3f14618b75b6943a19cd58b5ecf126,
        type: 3}
      propertyPath: m_Materials.Array.data[0]
      value: 
      objectReference: {fileID: 2100000, guid: ef0a40ef0c4155445bab600761bd9a08, type: 2}
    - target: {fileID: 1951229499516727214, guid: bb3f14618b75b6943a19cd58b5ecf126,
        type: 3}
      propertyPath: m_Materials.Array.data[1]
      value: 
      objectReference: {fileID: 2100000, guid: ef0a40ef0c4155445bab600761bd9a08, type: 2}
    - target: {fileID: 894945786199457388, guid: bb3f14618b75b6943a19cd58b5ecf126,
        type: 3}
      propertyPath: m_Materials.Array.data[0]
      value: 
      objectReference: {fileID: 2100000, guid: ef0a40ef0c4155445bab600761bd9a08, type: 2}
    - target: {fileID: 894945786199457388, guid: bb3f14618b75b6943a19cd58b5ecf126,
        type: 3}
      propertyPath: m_Materials.Array.data[1]
      value: 
      objectReference: {fileID: 2100000, guid: ef0a40ef0c4155445bab600761bd9a08, type: 2}
    - target: {fileID: 517506026036135286, guid: bb3f14618b75b6943a19cd58b5ecf126,
        type: 3}
      propertyPath: m_Materials.Array.data[0]
      value: 
      objectReference: {fileID: 2100000, guid: ef0a40ef0c4155445bab600761bd9a08, type: 2}
    m_RemovedComponents: []
  m_SourcePrefab: {fileID: 100100000, guid: bb3f14618b75b6943a19cd58b5ecf126, type: 3}
--- !u!1 &3358045975195830707 stripped
GameObject:
  m_CorrespondingSourceObject: {fileID: 6107696112541557256, guid: bb3f14618b75b6943a19cd58b5ecf126,
    type: 3}
  m_PrefabInstance: {fileID: 8816016469036411835}
  m_PrefabAsset: {fileID: 0}
--- !u!1 &7259484964247142102 stripped
GameObject:
  m_CorrespondingSourceObject: {fileID: 2226492733056734573, guid: bb3f14618b75b6943a19cd58b5ecf126,
    type: 3}
  m_PrefabInstance: {fileID: 8816016469036411835}
  m_PrefabAsset: {fileID: 0}
--- !u!1 &362924712775945447 stripped
GameObject:
  m_CorrespondingSourceObject: {fileID: 9174279248747177820, guid: bb3f14618b75b6943a19cd58b5ecf126,
    type: 3}
  m_PrefabInstance: {fileID: 8816016469036411835}
  m_PrefabAsset: {fileID: 0}
--- !u!1 &2535614816089232529 stripped
GameObject:
  m_CorrespondingSourceObject: {fileID: -2780805123320840406, guid: bb3f14618b75b6943a19cd58b5ecf126,
    type: 3}
  m_PrefabInstance: {fileID: 8816016469036411835}
  m_PrefabAsset: {fileID: 0}
--- !u!1 &4588452027625383729 stripped
GameObject:
  m_CorrespondingSourceObject: {fileID: 5041142658892860554, guid: bb3f14618b75b6943a19cd58b5ecf126,
    type: 3}
  m_PrefabInstance: {fileID: 8816016469036411835}
  m_PrefabAsset: {fileID: 0}
--- !u!1 &7412927958761915600 stripped
GameObject:
  m_CorrespondingSourceObject: {fileID: -7153744845646303381, guid: bb3f14618b75b6943a19cd58b5ecf126,
    type: 3}
  m_PrefabInstance: {fileID: 8816016469036411835}
  m_PrefabAsset: {fileID: 0}
--- !u!1 &1657877520224523468 stripped
GameObject:
  m_CorrespondingSourceObject: {fileID: -1343974196321042569, guid: bb3f14618b75b6943a19cd58b5ecf126,
    type: 3}
  m_PrefabInstance: {fileID: 8816016469036411835}
  m_PrefabAsset: {fileID: 0}
--- !u!4 &4549335507681738913 stripped
Transform:
  m_CorrespondingSourceObject: {fileID: -4216859302048453862, guid: bb3f14618b75b6943a19cd58b5ecf126,
    type: 3}
  m_PrefabInstance: {fileID: 8816016469036411835}
  m_PrefabAsset: {fileID: 0}
--- !u!1 &1719730212289590979 stripped
GameObject:
  m_CorrespondingSourceObject: {fileID: -1331519847742333576, guid: bb3f14618b75b6943a19cd58b5ecf126,
    type: 3}
  m_PrefabInstance: {fileID: 8816016469036411835}
  m_PrefabAsset: {fileID: 0}
--- !u!1 &2949206716155309592 stripped
GameObject:
  m_CorrespondingSourceObject: {fileID: -3263588396336249437, guid: bb3f14618b75b6943a19cd58b5ecf126,
    type: 3}
  m_PrefabInstance: {fileID: 8816016469036411835}
  m_PrefabAsset: {fileID: 0}
--- !u!1 &8513016451265744178 stripped
GameObject:
  m_CorrespondingSourceObject: {fileID: -8323629443098024311, guid: bb3f14618b75b6943a19cd58b5ecf126,
    type: 3}
  m_PrefabInstance: {fileID: 8816016469036411835}
  m_PrefabAsset: {fileID: 0}
--- !u!1 &2715568372460357230 stripped
GameObject:
  m_CorrespondingSourceObject: {fileID: 6915113714012237269, guid: bb3f14618b75b6943a19cd58b5ecf126,
    type: 3}
  m_PrefabInstance: {fileID: 8816016469036411835}
  m_PrefabAsset: {fileID: 0}
--- !u!1 &9215401375645554519 stripped
GameObject:
  m_CorrespondingSourceObject: {fileID: 413037028236033260, guid: bb3f14618b75b6943a19cd58b5ecf126,
    type: 3}
  m_PrefabInstance: {fileID: 8816016469036411835}
  m_PrefabAsset: {fileID: 0}
