%YAML 1.1
%TAG !u! tag:unity3d.com,2011:
--- !u!1 &1586198556716386824
GameObject:
  m_ObjectHideFlags: 0
  m_CorrespondingSourceObject: {fileID: 0}
  m_PrefabInstance: {fileID: 0}
  m_PrefabAsset: {fileID: 0}
  serializedVersion: 6
  m_Component:
  - component: {fileID: 8810786319937481856}
  - component: {fileID: 8919651082111542045}
  m_Layer: 9
  m_Name: G_Cel
  m_TagString: Untagged
  m_Icon: {fileID: 0}
  m_NavMeshLayer: 0
  m_StaticEditorFlags: 0
  m_IsActive: 1
--- !u!4 &8810786319937481856
Transform:
  m_ObjectHideFlags: 0
  m_CorrespondingSourceObject: {fileID: 0}
  m_PrefabInstance: {fileID: 0}
  m_PrefabAsset: {fileID: 0}
  m_GameObject: {fileID: 1586198556716386824}
  m_LocalRotation: {x: 0, y: 1, z: 0, w: -0.00000004371139}
  m_LocalPosition: {x: 0, y: 0, z: 0}
  m_LocalScale: {x: 1, y: 1, z: 1}
  m_Children:
  - {fileID: 1969095380956540494}
  m_Father: {fileID: 0}
  m_RootOrder: 0
  m_LocalEulerAnglesHint: {x: 0, y: 0, z: 0}
--- !u!114 &8919651082111542045
MonoBehaviour:
  m_ObjectHideFlags: 0
  m_CorrespondingSourceObject: {fileID: 0}
  m_PrefabInstance: {fileID: 0}
  m_PrefabAsset: {fileID: 0}
  m_GameObject: {fileID: 1586198556716386824}
  m_Enabled: 1
  m_EditorHideFlags: 0
  m_Script: {fileID: 11500000, guid: de305606890b87e42a58c187eba6fe10, type: 3}
  m_Name: 
  m_EditorClassIdentifier: 
  partName: GCEL
  partNameCombinations: []
  partDescription: 
  partCategory: G_Cel
  includeInDimensions: 1
  dimensions: {x: 2.04, y: 0.82, z: 0.03000007}
  image: {fileID: 21300000, guid: 359ee5398584be6449f4ff30d941924c, type: 3}
  type: 0
  partPoints:
  - {fileID: 1363387874170711330}
  canBeStandalone: 0
  sewingNames: []
  OnPartPointConnect:
    m_PersistentCalls:
      m_Calls: []
  possibleOptionalFunctions: []
  selectedOptionalFunction: {fileID: 0}
--- !u!64 &7506960703760868847
MeshCollider:
  m_ObjectHideFlags: 0
  m_CorrespondingSourceObject: {fileID: 0}
  m_PrefabInstance: {fileID: 0}
  m_PrefabAsset: {fileID: 0}
  m_GameObject: {fileID: 3245116245188549725}
  m_Material: {fileID: 0}
  m_IsTrigger: 0
  m_Enabled: 1
  serializedVersion: 3
  m_Convex: 0
  m_CookingOptions: 14
  m_Mesh: {fileID: 4675079562163127112, guid: e725946cf6da96742a50b30c1d5af874, type: 3}
--- !u!114 &6213232640382843585
MonoBehaviour:
  m_ObjectHideFlags: 0
  m_CorrespondingSourceObject: {fileID: 0}
  m_PrefabInstance: {fileID: 0}
  m_PrefabAsset: {fileID: 0}
  m_GameObject: {fileID: 3245116245188549725}
  m_Enabled: 1
  m_EditorHideFlags: 0
  m_Script: {fileID: 11500000, guid: 816c52b73d7a1de4d8f07430f0420752, type: 3}
  m_Name: 
  m_EditorClassIdentifier: 
  partMeshType: main
  setMaterialIndex: -1
  setMaterialIndex2: -1
  sewing: 0
--- !u!114 &1363387874170711330
MonoBehaviour:
  m_ObjectHideFlags: 0
  m_CorrespondingSourceObject: {fileID: 0}
  m_PrefabInstance: {fileID: 0}
  m_PrefabAsset: {fileID: 0}
  m_GameObject: {fileID: 3487570974533393331}
  m_Enabled: 1
  m_EditorHideFlags: 0
  m_Script: {fileID: 11500000, guid: 298df71d7d1c94f47a9df2b26686031c, type: 3}
  m_Name: 
  m_EditorClassIdentifier: 
  type: 0
  connection: l
  allowedCategories: []
  disallowedCategories: []
  partPointGUI: {fileID: 0}
  activateOnDisconnect: []
  connectedTo: {fileID: 0}
  part: {fileID: 0}
--- !u!1001 &6784977534206297428
PrefabInstance:
  m_ObjectHideFlags: 0
  serializedVersion: 2
  m_Modification:
    m_TransformParent: {fileID: 8810786319937481856}
    m_Modifications:
    - target: {fileID: -927199367670048503, guid: e725946cf6da96742a50b30c1d5af874,
        type: 3}
      propertyPath: m_Name
      value: G_Cel
      objectReference: {fileID: 0}
    - target: {fileID: -927199367670048503, guid: e725946cf6da96742a50b30c1d5af874,
        type: 3}
      propertyPath: m_Layer
      value: 9
      objectReference: {fileID: 0}
    - target: {fileID: 7948644764693946087, guid: e725946cf6da96742a50b30c1d5af874,
        type: 3}
      propertyPath: m_Layer
      value: 9
      objectReference: {fileID: 0}
    - target: {fileID: -4216859302048453862, guid: e725946cf6da96742a50b30c1d5af874,
        type: 3}
      propertyPath: m_LocalPosition.x
      value: -0
      objectReference: {fileID: 0}
    - target: {fileID: -4216859302048453862, guid: e725946cf6da96742a50b30c1d5af874,
        type: 3}
      propertyPath: m_LocalPosition.y
      value: 0
      objectReference: {fileID: 0}
    - target: {fileID: -4216859302048453862, guid: e725946cf6da96742a50b30c1d5af874,
        type: 3}
      propertyPath: m_LocalPosition.z
      value: 0
      objectReference: {fileID: 0}
    - target: {fileID: -4216859302048453862, guid: e725946cf6da96742a50b30c1d5af874,
        type: 3}
      propertyPath: m_LocalRotation.x
      value: 0.000000021855694
      objectReference: {fileID: 0}
    - target: {fileID: -4216859302048453862, guid: e725946cf6da96742a50b30c1d5af874,
        type: 3}
      propertyPath: m_LocalRotation.y
      value: 0
      objectReference: {fileID: 0}
    - target: {fileID: -4216859302048453862, guid: e725946cf6da96742a50b30c1d5af874,
        type: 3}
      propertyPath: m_LocalRotation.z
      value: -0
      objectReference: {fileID: 0}
    - target: {fileID: -4216859302048453862, guid: e725946cf6da96742a50b30c1d5af874,
        type: 3}
      propertyPath: m_LocalRotation.w
      value: 1
      objectReference: {fileID: 0}
    - target: {fileID: -4216859302048453862, guid: e725946cf6da96742a50b30c1d5af874,
        type: 3}
      propertyPath: m_RootOrder
      value: 0
      objectReference: {fileID: 0}
    - target: {fileID: -4216859302048453862, guid: e725946cf6da96742a50b30c1d5af874,
        type: 3}
      propertyPath: m_LocalEulerAnglesHint.x
      value: 0
      objectReference: {fileID: 0}
    - target: {fileID: -4216859302048453862, guid: e725946cf6da96742a50b30c1d5af874,
        type: 3}
      propertyPath: m_LocalEulerAnglesHint.y
      value: 0
      objectReference: {fileID: 0}
    - target: {fileID: -4216859302048453862, guid: e725946cf6da96742a50b30c1d5af874,
        type: 3}
      propertyPath: m_LocalEulerAnglesHint.z
      value: 0
      objectReference: {fileID: 0}
    m_RemovedComponents: []
  m_SourcePrefab: {fileID: 100100000, guid: e725946cf6da96742a50b30c1d5af874, type: 3}
--- !u!1 &3245116245188549725 stripped
GameObject:
  m_CorrespondingSourceObject: {fileID: -927199367670048503, guid: e725946cf6da96742a50b30c1d5af874,
    type: 3}
  m_PrefabInstance: {fileID: 6784977534206297428}
  m_PrefabAsset: {fileID: 0}
--- !u!4 &1969095380956540494 stripped
Transform:
  m_CorrespondingSourceObject: {fileID: -4216859302048453862, guid: e725946cf6da96742a50b30c1d5af874,
    type: 3}
  m_PrefabInstance: {fileID: 6784977534206297428}
  m_PrefabAsset: {fileID: 0}
--- !u!1 &3487570974533393331 stripped
GameObject:
  m_CorrespondingSourceObject: {fileID: 7948644764693946087, guid: e725946cf6da96742a50b30c1d5af874,
    type: 3}
  m_PrefabInstance: {fileID: 6784977534206297428}
  m_PrefabAsset: {fileID: 0}
