%YAML 1.1
%TAG !u! tag:unity3d.com,2011:
--- !u!64 &2567332749795225167
MeshCollider:
  m_ObjectHideFlags: 0
  m_CorrespondingSourceObject: {fileID: 0}
  m_PrefabInstance: {fileID: 0}
  m_PrefabAsset: {fileID: 0}
  m_GameObject: {fileID: 108310509990335601}
  m_Material: {fileID: 0}
  m_IsTrigger: 0
  m_Enabled: 1
  serializedVersion: 3
  m_Convex: 0
  m_CookingOptions: 14
  m_Mesh: {fileID: 2064491454001243061, guid: e4a4b5752eb75fe43b19d50aaff5196b, type: 3}
--- !u!114 &582924605939105881
MonoBehaviour:
  m_ObjectHideFlags: 0
  m_CorrespondingSourceObject: {fileID: 0}
  m_PrefabInstance: {fileID: 0}
  m_PrefabAsset: {fileID: 0}
  m_GameObject: {fileID: 108310509990335601}
  m_Enabled: 1
  m_EditorHideFlags: 0
  m_Script: {fileID: 11500000, guid: 816c52b73d7a1de4d8f07430f0420752, type: 3}
  m_Name: 
  m_EditorClassIdentifier: 
  partMeshType: main
  setMaterialIndex: 1
  setMaterialIndex2: -1
  sewing: 0
--- !u!114 &3257143283125432789
MonoBehaviour:
  m_ObjectHideFlags: 0
  m_CorrespondingSourceObject: {fileID: 0}
  m_PrefabInstance: {fileID: 0}
  m_PrefabAsset: {fileID: 0}
  m_GameObject: {fileID: 108310509990335601}
  m_Enabled: 1
  m_EditorHideFlags: 0
  m_Script: {fileID: 11500000, guid: 816c52b73d7a1de4d8f07430f0420752, type: 3}
  m_Name: 
  m_EditorClassIdentifier: 
  partMeshType: main2
  setMaterialIndex: 0
  setMaterialIndex2: -1
  sewing: 0
--- !u!114 &8994427616107565310
MonoBehaviour:
  m_ObjectHideFlags: 0
  m_CorrespondingSourceObject: {fileID: 0}
  m_PrefabInstance: {fileID: 0}
  m_PrefabAsset: {fileID: 0}
  m_GameObject: {fileID: 108310509990335601}
  m_Enabled: 1
  m_EditorHideFlags: 0
  m_Script: {fileID: 11500000, guid: 816c52b73d7a1de4d8f07430f0420752, type: 3}
  m_Name: 
  m_EditorClassIdentifier: 
  partMeshType: main3
  setMaterialIndex: 2
  setMaterialIndex2: -1
  sewing: 0
--- !u!114 &668271992848387375
MonoBehaviour:
  m_ObjectHideFlags: 0
  m_CorrespondingSourceObject: {fileID: 0}
  m_PrefabInstance: {fileID: 0}
  m_PrefabAsset: {fileID: 0}
  m_GameObject: {fileID: 108310509990335601}
  m_Enabled: 1
  m_EditorHideFlags: 0
  m_Script: {fileID: 11500000, guid: 1030b2116dfab9343be14c0d0839ab5e, type: 3}
  m_Name: 
  m_EditorClassIdentifier: 
  ActivateObject: {fileID: 6159992438661037948}
  deactivateOnStart: 0
  DeactivateObjectInsteadOfThis: {fileID: 0}
--- !u!114 &8328914625026220166
MonoBehaviour:
  m_ObjectHideFlags: 0
  m_CorrespondingSourceObject: {fileID: 0}
  m_PrefabInstance: {fileID: 0}
  m_PrefabAsset: {fileID: 0}
  m_GameObject: {fileID: 320742676885102866}
  m_Enabled: 1
  m_EditorHideFlags: 0
  m_Script: {fileID: 11500000, guid: 298df71d7d1c94f47a9df2b26686031c, type: 3}
  m_Name: 
  m_EditorClassIdentifier: 
  type: 1
  connection: l
  allowedCategories: []
  disallowedCategories: []
  partPointGUI: {fileID: 0}
  activateOnDisconnect: []
  connectedTo: {fileID: 0}
  part: {fileID: 0}
--- !u!114 &4495626868500534974
MonoBehaviour:
  m_ObjectHideFlags: 0
  m_CorrespondingSourceObject: {fileID: 0}
  m_PrefabInstance: {fileID: 0}
  m_PrefabAsset: {fileID: 0}
  m_GameObject: {fileID: 1255386176698225388}
  m_Enabled: 1
  m_EditorHideFlags: 0
  m_Script: {fileID: 11500000, guid: 298df71d7d1c94f47a9df2b26686031c, type: 3}
  m_Name: 
  m_EditorClassIdentifier: 
  type: 0
  connection: r
  allowedCategories:
  - arml
  disallowedCategories: []
  partPointGUI: {fileID: 0}
  activateOnDisconnect: []
  connectedTo: {fileID: 0}
  part: {fileID: 0}
--- !u!114 &8622741412220654978
MonoBehaviour:
  m_ObjectHideFlags: 0
  m_CorrespondingSourceObject: {fileID: 0}
  m_PrefabInstance: {fileID: 0}
  m_PrefabAsset: {fileID: 0}
  m_GameObject: {fileID: 1386528381392578606}
  m_Enabled: 1
  m_EditorHideFlags: 0
  m_Script: {fileID: 11500000, guid: 816c52b73d7a1de4d8f07430f0420752, type: 3}
  m_Name: 
  m_EditorClassIdentifier: 
  partMeshType: legs
  setMaterialIndex: -1
  setMaterialIndex2: -1
  sewing: 0
--- !u!114 &638898549063258088
MonoBehaviour:
  m_ObjectHideFlags: 0
  m_CorrespondingSourceObject: {fileID: 0}
  m_PrefabInstance: {fileID: 0}
  m_PrefabAsset: {fileID: 0}
  m_GameObject: {fileID: 1874793710562808385}
  m_Enabled: 1
  m_EditorHideFlags: 0
  m_Script: {fileID: 11500000, guid: 816c52b73d7a1de4d8f07430f0420752, type: 3}
  m_Name: 
  m_EditorClassIdentifier: 
  partMeshType: legs2
  setMaterialIndex: -1
  setMaterialIndex2: -1
  sewing: 0
--- !u!114 &6726318964394168274
MonoBehaviour:
  m_ObjectHideFlags: 0
  m_CorrespondingSourceObject: {fileID: 0}
  m_PrefabInstance: {fileID: 0}
  m_PrefabAsset: {fileID: 0}
  m_GameObject: {fileID: 2956587118900850910}
  m_Enabled: 1
  m_EditorHideFlags: 0
  m_Script: {fileID: 11500000, guid: 298df71d7d1c94f47a9df2b26686031c, type: 3}
  m_Name: 
  m_EditorClassIdentifier: 
  type: 0
  connection: l
  allowedCategories: []
  disallowedCategories: []
  partPointGUI: {fileID: 0}
  activateOnDisconnect: []
  connectedTo: {fileID: 0}
  part: {fileID: 0}
--- !u!114 &2508436062648312015
MonoBehaviour:
  m_ObjectHideFlags: 0
  m_CorrespondingSourceObject: {fileID: 0}
  m_PrefabInstance: {fileID: 0}
  m_PrefabAsset: {fileID: 0}
  m_GameObject: {fileID: 3454433463449578751}
  m_Enabled: 1
  m_EditorHideFlags: 0
  m_Script: {fileID: 11500000, guid: 816c52b73d7a1de4d8f07430f0420752, type: 3}
  m_Name: 
  m_EditorClassIdentifier: 
  partMeshType: legs
  setMaterialIndex: -1
  setMaterialIndex2: -1
  sewing: 0
--- !u!64 &2155179547265273477
MeshCollider:
  m_ObjectHideFlags: 0
  m_CorrespondingSourceObject: {fileID: 0}
  m_PrefabInstance: {fileID: 0}
  m_PrefabAsset: {fileID: 0}
  m_GameObject: {fileID: 6159992438661037948}
  m_Material: {fileID: 0}
  m_IsTrigger: 0
  m_Enabled: 1
  serializedVersion: 3
  m_Convex: 0
  m_CookingOptions: 14
  m_Mesh: {fileID: -7065434547080258531, guid: e4a4b5752eb75fe43b19d50aaff5196b, type: 3}
--- !u!114 &2655597308935161956
MonoBehaviour:
  m_ObjectHideFlags: 0
  m_CorrespondingSourceObject: {fileID: 0}
  m_PrefabInstance: {fileID: 0}
  m_PrefabAsset: {fileID: 0}
  m_GameObject: {fileID: 6159992438661037948}
  m_Enabled: 1
  m_EditorHideFlags: 0
  m_Script: {fileID: 11500000, guid: 816c52b73d7a1de4d8f07430f0420752, type: 3}
  m_Name: 
  m_EditorClassIdentifier: 
  partMeshType: main
  setMaterialIndex: -1
  setMaterialIndex2: -1
  sewing: 0
--- !u!114 &636649457770463210
MonoBehaviour:
  m_ObjectHideFlags: 0
  m_CorrespondingSourceObject: {fileID: 0}
  m_PrefabInstance: {fileID: 0}
  m_PrefabAsset: {fileID: 0}
  m_GameObject: {fileID: 6159992438661037948}
  m_Enabled: 1
  m_EditorHideFlags: 0
  m_Script: {fileID: 11500000, guid: 1030b2116dfab9343be14c0d0839ab5e, type: 3}
  m_Name: 
  m_EditorClassIdentifier: 
  ActivateObject: {fileID: 108310509990335601}
  deactivateOnStart: 0
  DeactivateObjectInsteadOfThis: {fileID: 0}
--- !u!114 &3897940056190729039
MonoBehaviour:
  m_ObjectHideFlags: 0
  m_CorrespondingSourceObject: {fileID: 0}
  m_PrefabInstance: {fileID: 0}
  m_PrefabAsset: {fileID: 0}
  m_GameObject: {fileID: 7248238603197530848}
  m_Enabled: 1
  m_EditorHideFlags: 0
  m_Script: {fileID: 11500000, guid: 816c52b73d7a1de4d8f07430f0420752, type: 3}
  m_Name: 
  m_EditorClassIdentifier: 
  partMeshType: legs
  setMaterialIndex: -1
  setMaterialIndex2: -1
  sewing: 0
--- !u!114 &7742852699670819112
MonoBehaviour:
  m_ObjectHideFlags: 0
  m_CorrespondingSourceObject: {fileID: 0}
  m_PrefabInstance: {fileID: 0}
  m_PrefabAsset: {fileID: 0}
  m_GameObject: {fileID: 7258696933092436122}
  m_Enabled: 1
  m_EditorHideFlags: 0
  m_Script: {fileID: 11500000, guid: 816c52b73d7a1de4d8f07430f0420752, type: 3}
  m_Name: 
  m_EditorClassIdentifier: 
  partMeshType: legs2
  setMaterialIndex: -1
  setMaterialIndex2: -1
  sewing: 0
--- !u!64 &523232258054328571
MeshCollider:
  m_ObjectHideFlags: 0
  m_CorrespondingSourceObject: {fileID: 0}
  m_PrefabInstance: {fileID: 0}
  m_PrefabAsset: {fileID: 0}
  m_GameObject: {fileID: 8085539936494487338}
  m_Material: {fileID: 0}
  m_IsTrigger: 0
  m_Enabled: 1
  serializedVersion: 3
  m_Convex: 0
  m_CookingOptions: 14
  m_Mesh: {fileID: 3409100050045050013, guid: e4a4b5752eb75fe43b19d50aaff5196b, type: 3}
--- !u!114 &6861062388985288515
MonoBehaviour:
  m_ObjectHideFlags: 0
  m_CorrespondingSourceObject: {fileID: 0}
  m_PrefabInstance: {fileID: 0}
  m_PrefabAsset: {fileID: 0}
  m_GameObject: {fileID: 8085539936494487338}
  m_Enabled: 1
  m_EditorHideFlags: 0
  m_Script: {fileID: 11500000, guid: 816c52b73d7a1de4d8f07430f0420752, type: 3}
  m_Name: 
  m_EditorClassIdentifier: 
  partMeshType: main
  setMaterialIndex: -1
  setMaterialIndex2: -1
  sewing: 0
--- !u!1 &8177221744871551873
GameObject:
  m_ObjectHideFlags: 0
  m_CorrespondingSourceObject: {fileID: 0}
  m_PrefabInstance: {fileID: 0}
  m_PrefabAsset: {fileID: 0}
  serializedVersion: 6
  m_Component:
  - component: {fileID: 3890039586734497897}
  - component: {fileID: 8847915204442071011}
  - component: {fileID: 7576721569468303358}
  m_Layer: 9
  m_Name: denv_LEZADLO_770x1750
  m_TagString: Untagged
  m_Icon: {fileID: 0}
  m_NavMeshLayer: 0
  m_StaticEditorFlags: 0
  m_IsActive: 1
--- !u!4 &3890039586734497897
Transform:
  m_ObjectHideFlags: 0
  m_CorrespondingSourceObject: {fileID: 0}
  m_PrefabInstance: {fileID: 0}
  m_PrefabAsset: {fileID: 0}
  m_GameObject: {fileID: 8177221744871551873}
  m_LocalRotation: {x: 0, y: 1, z: 0, w: 0}
  m_LocalPosition: {x: 0, y: 0, z: 0}
  m_LocalScale: {x: 1, y: 1, z: 1}
  m_Children:
  - {fileID: 2721593028614992736}
  m_Father: {fileID: 0}
  m_RootOrder: 0
  m_LocalEulerAnglesHint: {x: 0, y: 180, z: 0}
--- !u!114 &8847915204442071011
MonoBehaviour:
  m_ObjectHideFlags: 0
  m_CorrespondingSourceObject: {fileID: 0}
  m_PrefabInstance: {fileID: 0}
  m_PrefabAsset: {fileID: 0}
  m_GameObject: {fileID: 8177221744871551873}
  m_Enabled: 1
  m_EditorHideFlags: 0
  m_Script: {fileID: 11500000, guid: de305606890b87e42a58c187eba6fe10, type: 3}
  m_Name: 
  m_EditorClassIdentifier: 
  partName: Longchair
  partNameCombinations: []
  partDescription: 
  partCategory: ottoman
  includeInDimensions: 1
  dimensions: {x: 0.9285313, y: 1.4690275, z: 1.8515182}
  image: {fileID: 21300000, guid: 9c36687a0a28b684b9b01286d161e413, type: 3}
  type: 0
  partPoints:
  - {fileID: 6726318964394168274}
  - {fileID: 4495626868500534974}
  - {fileID: 8328914625026220166}
  canBeStandalone: 1
  sewingNames: []
  OnPartPointConnect:
    m_PersistentCalls:
      m_Calls: []
  possibleOptionalFunctions:
  - {fileID: 11400000, guid: dcb8bd2b1c4d2414d800ea4eaf01462a, type: 2}
  selectedOptionalFunction: {fileID: 0}
--- !u!114 &7576721569468303358
MonoBehaviour:
  m_ObjectHideFlags: 0
  m_CorrespondingSourceObject: {fileID: 0}
  m_PrefabInstance: {fileID: 0}
  m_PrefabAsset: {fileID: 0}
  m_GameObject: {fileID: 8177221744871551873}
  m_Enabled: 1
  m_EditorHideFlags: 0
  m_Script: {fileID: 11500000, guid: 7faf1db83129fa34f9ad8a5b382f4caf, type: 3}
  m_Name: 
  m_EditorClassIdentifier: 
  optionalFunctions:
  - {fileID: 11400000, guid: dcb8bd2b1c4d2414d800ea4eaf01462a, type: 2}
  eventOnOptionalFunction:
    m_PersistentCalls:
      m_Calls:
      - m_Target: {fileID: 668271992848387375}
        m_MethodName: set_enabled
        m_Mode: 0
        m_Arguments:
          m_ObjectArgument: {fileID: 0}
          m_ObjectArgumentAssemblyTypeName: UnityEngine.Object, UnityEngine
          m_IntArgument: 0
          m_FloatArgument: 0
          m_StringArgument: 
          m_BoolArgument: 0
        m_CallState: 2
--- !u!114 &7315168076993246375
MonoBehaviour:
  m_ObjectHideFlags: 0
  m_CorrespondingSourceObject: {fileID: 0}
  m_PrefabInstance: {fileID: 0}
  m_PrefabAsset: {fileID: 0}
  m_GameObject: {fileID: 8935725637774122423}
  m_Enabled: 1
  m_EditorHideFlags: 0
  m_Script: {fileID: 11500000, guid: 816c52b73d7a1de4d8f07430f0420752, type: 3}
  m_Name: 
  m_EditorClassIdentifier: 
  partMeshType: legs
  setMaterialIndex: -1
  setMaterialIndex2: -1
  sewing: 0
--- !u!1001 &6971500471921875066
PrefabInstance:
  m_ObjectHideFlags: 0
  serializedVersion: 2
  m_Modification:
    m_TransformParent: {fileID: 3890039586734497897}
    m_Modifications:
    - target: {fileID: -927199367670048503, guid: e4a4b5752eb75fe43b19d50aaff5196b,
        type: 3}
      propertyPath: m_Name
      value: denv_LEZADLO_770x1750
      objectReference: {fileID: 0}
    - target: {fileID: -927199367670048503, guid: e4a4b5752eb75fe43b19d50aaff5196b,
        type: 3}
      propertyPath: m_Layer
      value: 9
      objectReference: {fileID: 0}
    - target: {fileID: 1191805757744619344, guid: e4a4b5752eb75fe43b19d50aaff5196b,
        type: 3}
      propertyPath: m_Layer
      value: 9
      objectReference: {fileID: 0}
    - target: {fileID: 1191805757744619344, guid: e4a4b5752eb75fe43b19d50aaff5196b,
        type: 3}
      propertyPath: m_IsActive
      value: 0
      objectReference: {fileID: 0}
    - target: {fileID: 7007448651344989195, guid: e4a4b5752eb75fe43b19d50aaff5196b,
        type: 3}
      propertyPath: m_Layer
      value: 9
      objectReference: {fileID: 0}
    - target: {fileID: 7007448651344989195, guid: e4a4b5752eb75fe43b19d50aaff5196b,
        type: 3}
      propertyPath: m_IsActive
      value: 1
      objectReference: {fileID: 0}
    - target: {fileID: -5349415703967127802, guid: e4a4b5752eb75fe43b19d50aaff5196b,
        type: 3}
      propertyPath: m_Layer
      value: 9
      objectReference: {fileID: 0}
    - target: {fileID: -5349415703967127802, guid: e4a4b5752eb75fe43b19d50aaff5196b,
        type: 3}
      propertyPath: m_IsActive
      value: 0
      objectReference: {fileID: 0}
    - target: {fileID: -3911280687750338396, guid: e4a4b5752eb75fe43b19d50aaff5196b,
        type: 3}
      propertyPath: m_Layer
      value: 9
      objectReference: {fileID: 0}
    - target: {fileID: 8202103501507496598, guid: e4a4b5752eb75fe43b19d50aaff5196b,
        type: 3}
      propertyPath: m_Layer
      value: 9
      objectReference: {fileID: 0}
    - target: {fileID: 7263250109244406120, guid: e4a4b5752eb75fe43b19d50aaff5196b,
        type: 3}
      propertyPath: m_Layer
      value: 9
      objectReference: {fileID: 0}
    - target: {fileID: 299863369337526938, guid: e4a4b5752eb75fe43b19d50aaff5196b,
        type: 3}
      propertyPath: m_Layer
      value: 9
      objectReference: {fileID: 0}
    - target: {fileID: -900070623462952876, guid: e4a4b5752eb75fe43b19d50aaff5196b,
        type: 3}
      propertyPath: m_Layer
      value: 9
      objectReference: {fileID: 0}
    - target: {fileID: -7152369722472823347, guid: e4a4b5752eb75fe43b19d50aaff5196b,
        type: 3}
      propertyPath: m_Layer
      value: 9
      objectReference: {fileID: 0}
    - target: {fileID: -8934107187338399520, guid: e4a4b5752eb75fe43b19d50aaff5196b,
        type: 3}
      propertyPath: m_Layer
      value: 9
      objectReference: {fileID: 0}
    - target: {fileID: -8934107187338399520, guid: e4a4b5752eb75fe43b19d50aaff5196b,
        type: 3}
      propertyPath: m_IsActive
      value: 0
      objectReference: {fileID: 0}
    - target: {fileID: 8843702203272432187, guid: e4a4b5752eb75fe43b19d50aaff5196b,
        type: 3}
      propertyPath: m_Layer
      value: 9
      objectReference: {fileID: 0}
    - target: {fileID: 8843702203272432187, guid: e4a4b5752eb75fe43b19d50aaff5196b,
        type: 3}
      propertyPath: m_IsActive
      value: 0
      objectReference: {fileID: 0}
    - target: {fileID: -3508547853989612411, guid: e4a4b5752eb75fe43b19d50aaff5196b,
        type: 3}
      propertyPath: m_Layer
      value: 9
      objectReference: {fileID: 0}
    - target: {fileID: -3508547853989612411, guid: e4a4b5752eb75fe43b19d50aaff5196b,
        type: 3}
      propertyPath: m_IsActive
      value: 1
      objectReference: {fileID: 0}
    - target: {fileID: -4216859302048453862, guid: e4a4b5752eb75fe43b19d50aaff5196b,
        type: 3}
      propertyPath: m_LocalPosition.x
      value: 0
      objectReference: {fileID: 0}
    - target: {fileID: -4216859302048453862, guid: e4a4b5752eb75fe43b19d50aaff5196b,
        type: 3}
      propertyPath: m_LocalPosition.y
      value: 0
      objectReference: {fileID: 0}
    - target: {fileID: -4216859302048453862, guid: e4a4b5752eb75fe43b19d50aaff5196b,
        type: 3}
      propertyPath: m_LocalPosition.z
      value: 0
      objectReference: {fileID: 0}
    - target: {fileID: -4216859302048453862, guid: e4a4b5752eb75fe43b19d50aaff5196b,
        type: 3}
      propertyPath: m_LocalRotation.x
      value: 0
      objectReference: {fileID: 0}
    - target: {fileID: -4216859302048453862, guid: e4a4b5752eb75fe43b19d50aaff5196b,
        type: 3}
      propertyPath: m_LocalRotation.y
      value: 0
      objectReference: {fileID: 0}
    - target: {fileID: -4216859302048453862, guid: e4a4b5752eb75fe43b19d50aaff5196b,
        type: 3}
      propertyPath: m_LocalRotation.z
      value: 0
      objectReference: {fileID: 0}
    - target: {fileID: -4216859302048453862, guid: e4a4b5752eb75fe43b19d50aaff5196b,
        type: 3}
      propertyPath: m_LocalRotation.w
      value: 1
      objectReference: {fileID: 0}
    - target: {fileID: -4216859302048453862, guid: e4a4b5752eb75fe43b19d50aaff5196b,
        type: 3}
      propertyPath: m_RootOrder
      value: 0
      objectReference: {fileID: 0}
    - target: {fileID: -4216859302048453862, guid: e4a4b5752eb75fe43b19d50aaff5196b,
        type: 3}
      propertyPath: m_LocalEulerAnglesHint.x
      value: 0
      objectReference: {fileID: 0}
    - target: {fileID: -4216859302048453862, guid: e4a4b5752eb75fe43b19d50aaff5196b,
        type: 3}
      propertyPath: m_LocalEulerAnglesHint.y
      value: 0
      objectReference: {fileID: 0}
    - target: {fileID: -4216859302048453862, guid: e4a4b5752eb75fe43b19d50aaff5196b,
        type: 3}
      propertyPath: m_LocalEulerAnglesHint.z
      value: 0
      objectReference: {fileID: 0}
    - target: {fileID: 7495825017238222967, guid: e4a4b5752eb75fe43b19d50aaff5196b,
        type: 3}
      propertyPath: m_Materials.Array.data[0]
      value: 
      objectReference: {fileID: 2100000, guid: ef0a40ef0c4155445bab600761bd9a08, type: 2}
    - target: {fileID: 4754320671645959452, guid: e4a4b5752eb75fe43b19d50aaff5196b,
        type: 3}
      propertyPath: m_Materials.Array.data[0]
      value: 
      objectReference: {fileID: 2100000, guid: ef0a40ef0c4155445bab600761bd9a08, type: 2}
    - target: {fileID: 6480414505984360393, guid: e4a4b5752eb75fe43b19d50aaff5196b,
        type: 3}
      propertyPath: m_Materials.Array.data[0]
      value: 
      objectReference: {fileID: 2100000, guid: 2abd7b2298a510a4aa3c01245cd0c1ec, type: 2}
    - target: {fileID: 6480414505984360393, guid: e4a4b5752eb75fe43b19d50aaff5196b,
        type: 3}
      propertyPath: m_Materials.Array.data[1]
      value: 
      objectReference: {fileID: 2100000, guid: 2abd7b2298a510a4aa3c01245cd0c1ec, type: 2}
    - target: {fileID: 6480414505984360393, guid: e4a4b5752eb75fe43b19d50aaff5196b,
        type: 3}
      propertyPath: m_Materials.Array.data[2]
      value: 
      objectReference: {fileID: 2100000, guid: 2abd7b2298a510a4aa3c01245cd0c1ec, type: 2}
    - target: {fileID: -8802349863578889127, guid: e4a4b5752eb75fe43b19d50aaff5196b,
        type: 3}
      propertyPath: m_Materials.Array.data[0]
      value: 
      objectReference: {fileID: 2100000, guid: ef0a40ef0c4155445bab600761bd9a08, type: 2}
    - target: {fileID: -8802349863578889127, guid: e4a4b5752eb75fe43b19d50aaff5196b,
        type: 3}
      propertyPath: m_Materials.Array.data[1]
      value: 
      objectReference: {fileID: 2100000, guid: ef0a40ef0c4155445bab600761bd9a08, type: 2}
    - target: {fileID: -8032910022048857510, guid: e4a4b5752eb75fe43b19d50aaff5196b,
        type: 3}
      propertyPath: m_Materials.Array.data[0]
      value: 
      objectReference: {fileID: 2100000, guid: ef0a40ef0c4155445bab600761bd9a08, type: 2}
    - target: {fileID: -8032910022048857510, guid: e4a4b5752eb75fe43b19d50aaff5196b,
        type: 3}
      propertyPath: m_Materials.Array.data[1]
      value: 
      objectReference: {fileID: 2100000, guid: ef0a40ef0c4155445bab600761bd9a08, type: 2}
    - target: {fileID: 1174041699064428736, guid: e4a4b5752eb75fe43b19d50aaff5196b,
        type: 3}
      propertyPath: m_Materials.Array.data[0]
      value: 
      objectReference: {fileID: 2100000, guid: ef0a40ef0c4155445bab600761bd9a08, type: 2}
    - target: {fileID: 1174041699064428736, guid: e4a4b5752eb75fe43b19d50aaff5196b,
        type: 3}
      propertyPath: m_Materials.Array.data[1]
      value: 
      objectReference: {fileID: 2100000, guid: ef0a40ef0c4155445bab600761bd9a08, type: 2}
    - target: {fileID: 1907456367873386522, guid: e4a4b5752eb75fe43b19d50aaff5196b,
        type: 3}
      propertyPath: m_Materials.Array.data[0]
      value: 
      objectReference: {fileID: 2100000, guid: ef0a40ef0c4155445bab600761bd9a08, type: 2}
    m_RemovedComponents: []
  m_SourcePrefab: {fileID: 100100000, guid: e4a4b5752eb75fe43b19d50aaff5196b, type: 3}
--- !u!1 &7248238603197530848 stripped
GameObject:
  m_CorrespondingSourceObject: {fileID: 299863369337526938, guid: e4a4b5752eb75fe43b19d50aaff5196b,
    type: 3}
  m_PrefabInstance: {fileID: 6971500471921875066}
  m_PrefabAsset: {fileID: 0}
--- !u!4 &2721593028614992736 stripped
Transform:
  m_CorrespondingSourceObject: {fileID: -4216859302048453862, guid: e4a4b5752eb75fe43b19d50aaff5196b,
    type: 3}
  m_PrefabInstance: {fileID: 6971500471921875066}
  m_PrefabAsset: {fileID: 0}
--- !u!1 &1386528381392578606 stripped
GameObject:
  m_CorrespondingSourceObject: {fileID: -900070623462952876, guid: e4a4b5752eb75fe43b19d50aaff5196b,
    type: 3}
  m_PrefabInstance: {fileID: 6971500471921875066}
  m_PrefabAsset: {fileID: 0}
--- !u!1 &6159992438661037948 stripped
GameObject:
  m_CorrespondingSourceObject: {fileID: -5349415703967127802, guid: e4a4b5752eb75fe43b19d50aaff5196b,
    type: 3}
  m_PrefabInstance: {fileID: 6971500471921875066}
  m_PrefabAsset: {fileID: 0}
--- !u!1 &8935725637774122423 stripped
GameObject:
  m_CorrespondingSourceObject: {fileID: -7152369722472823347, guid: e4a4b5752eb75fe43b19d50aaff5196b,
    type: 3}
  m_PrefabInstance: {fileID: 6971500471921875066}
  m_PrefabAsset: {fileID: 0}
--- !u!1 &1255386176698225388 stripped
GameObject:
  m_CorrespondingSourceObject: {fileID: 8202103501507496598, guid: e4a4b5752eb75fe43b19d50aaff5196b,
    type: 3}
  m_PrefabInstance: {fileID: 6971500471921875066}
  m_PrefabAsset: {fileID: 0}
--- !u!1 &7258696933092436122 stripped
GameObject:
  m_CorrespondingSourceObject: {fileID: -8934107187338399520, guid: e4a4b5752eb75fe43b19d50aaff5196b,
    type: 3}
  m_PrefabInstance: {fileID: 6971500471921875066}
  m_PrefabAsset: {fileID: 0}
--- !u!1 &108310509990335601 stripped
GameObject:
  m_CorrespondingSourceObject: {fileID: 7007448651344989195, guid: e4a4b5752eb75fe43b19d50aaff5196b,
    type: 3}
  m_PrefabInstance: {fileID: 6971500471921875066}
  m_PrefabAsset: {fileID: 0}
--- !u!1 &1874793710562808385 stripped
GameObject:
  m_CorrespondingSourceObject: {fileID: 8843702203272432187, guid: e4a4b5752eb75fe43b19d50aaff5196b,
    type: 3}
  m_PrefabInstance: {fileID: 6971500471921875066}
  m_PrefabAsset: {fileID: 0}
--- !u!1 &320742676885102866 stripped
GameObject:
  m_CorrespondingSourceObject: {fileID: 7263250109244406120, guid: e4a4b5752eb75fe43b19d50aaff5196b,
    type: 3}
  m_PrefabInstance: {fileID: 6971500471921875066}
  m_PrefabAsset: {fileID: 0}
--- !u!1 &3454433463449578751 stripped
GameObject:
  m_CorrespondingSourceObject: {fileID: -3508547853989612411, guid: e4a4b5752eb75fe43b19d50aaff5196b,
    type: 3}
  m_PrefabInstance: {fileID: 6971500471921875066}
  m_PrefabAsset: {fileID: 0}
--- !u!1 &8085539936494487338 stripped
GameObject:
  m_CorrespondingSourceObject: {fileID: 1191805757744619344, guid: e4a4b5752eb75fe43b19d50aaff5196b,
    type: 3}
  m_PrefabInstance: {fileID: 6971500471921875066}
  m_PrefabAsset: {fileID: 0}
--- !u!1 &2956587118900850910 stripped
GameObject:
  m_CorrespondingSourceObject: {fileID: -3911280687750338396, guid: e4a4b5752eb75fe43b19d50aaff5196b,
    type: 3}
  m_PrefabInstance: {fileID: 6971500471921875066}
  m_PrefabAsset: {fileID: 0}
