%YAML 1.1
%TAG !u! tag:unity3d.com,2011:
--- !u!1 &1640565965246240700
GameObject:
  m_ObjectHideFlags: 0
  m_CorrespondingSourceObject: {fileID: 0}
  m_PrefabInstance: {fileID: 0}
  m_PrefabAsset: {fileID: 0}
  serializedVersion: 6
  m_Component:
  - component: {fileID: 4707822887389670451}
  - component: {fileID: 2418930712726504403}
  m_Layer: 9
  m_Name: denv_2ka_1540
  m_TagString: Untagged
  m_Icon: {fileID: 0}
  m_NavMeshLayer: 0
  m_StaticEditorFlags: 0
  m_IsActive: 1
--- !u!4 &4707822887389670451
Transform:
  m_ObjectHideFlags: 0
  m_CorrespondingSourceObject: {fileID: 0}
  m_PrefabInstance: {fileID: 0}
  m_PrefabAsset: {fileID: 0}
  m_GameObject: {fileID: 1640565965246240700}
  m_LocalRotation: {x: 0, y: 1, z: 0, w: 0}
  m_LocalPosition: {x: 0, y: 0, z: 0}
  m_LocalScale: {x: 1, y: 1, z: 1}
  m_Children:
  - {fileID: 8489325464411782165}
  m_Father: {fileID: 0}
  m_RootOrder: 0
  m_LocalEulerAnglesHint: {x: 0, y: 180, z: 0}
--- !u!114 &2418930712726504403
MonoBehaviour:
  m_ObjectHideFlags: 0
  m_CorrespondingSourceObject: {fileID: 0}
  m_PrefabInstance: {fileID: 0}
  m_PrefabAsset: {fileID: 0}
  m_GameObject: {fileID: 1640565965246240700}
  m_Enabled: 1
  m_EditorHideFlags: 0
  m_Script: {fileID: 11500000, guid: de305606890b87e42a58c187eba6fe10, type: 3}
  m_Name: 
  m_EditorClassIdentifier: 
  partName: "2,5 sed\xE1k"
  partNameCombinations: []
  partDescription: 
  partCategory: universal
  includeInDimensions: 1
  dimensions: {x: 1.5400002, y: 0.8825536, z: 1}
  image: {fileID: 21300000, guid: 07077f5ae53255e44ac53691bf5a60da, type: 3}
  type: 0
  partPoints:
  - {fileID: 1996802950543515590}
  - {fileID: 3398155272094794}
  - {fileID: 500493241085608900}
  - {fileID: 1701260531977224477}
  - {fileID: 4097917984317748237}
  canBeStandalone: 1
  sewingNames: []
  OnPartPointConnect:
    m_PersistentCalls:
      m_Calls: []
  possibleOptionalFunctions:
  - {fileID: 11400000, guid: 6495f704b2de3274e816a7d4e9de2258, type: 2}
  - {fileID: 11400000, guid: 27003ad964711af4b9e2d118aa0cd649, type: 2}
  - {fileID: 11400000, guid: 7f749ec00fe10294ebaa81fdb2c28dd6, type: 2}
  - {fileID: 11400000, guid: deb0d30bdf5052d4f87be75189870fb6, type: 2}
  - {fileID: 11400000, guid: 1f97e4469e5f2224f82ca0bea45b9eac, type: 2}
  selectedOptionalFunction: {fileID: 0}
--- !u!114 &1996802950543515590
MonoBehaviour:
  m_ObjectHideFlags: 0
  m_CorrespondingSourceObject: {fileID: 0}
  m_PrefabInstance: {fileID: 0}
  m_PrefabAsset: {fileID: 0}
  m_GameObject: {fileID: 2437917015793749389}
  m_Enabled: 1
  m_EditorHideFlags: 0
  m_Script: {fileID: 11500000, guid: 298df71d7d1c94f47a9df2b26686031c, type: 3}
  m_Name: 
  m_EditorClassIdentifier: 
  type: 0
  connection: l
  allowedCategories: []
  disallowedCategories: []
  partPointGUI: {fileID: 0}
  activateOnDisconnect: []
  connectedTo: {fileID: 0}
  part: {fileID: 0}
--- !u!114 &500493241085608900
MonoBehaviour:
  m_ObjectHideFlags: 0
  m_CorrespondingSourceObject: {fileID: 0}
  m_PrefabInstance: {fileID: 0}
  m_PrefabAsset: {fileID: 0}
  m_GameObject: {fileID: 2902393132284878356}
  m_Enabled: 1
  m_EditorHideFlags: 0
  m_Script: {fileID: 11500000, guid: 298df71d7d1c94f47a9df2b26686031c, type: 3}
  m_Name: 
  m_EditorClassIdentifier: 
  type: 1
  connection: l
  allowedCategories: []
  disallowedCategories: []
  partPointGUI: {fileID: 0}
  activateOnDisconnect: []
  connectedTo: {fileID: 0}
  part: {fileID: 0}
--- !u!114 &3398155272094794
MonoBehaviour:
  m_ObjectHideFlags: 0
  m_CorrespondingSourceObject: {fileID: 0}
  m_PrefabInstance: {fileID: 0}
  m_PrefabAsset: {fileID: 0}
  m_GameObject: {fileID: 3494003612719186594}
  m_Enabled: 1
  m_EditorHideFlags: 0
  m_Script: {fileID: 11500000, guid: 298df71d7d1c94f47a9df2b26686031c, type: 3}
  m_Name: 
  m_EditorClassIdentifier: 
  type: 0
  connection: r
  allowedCategories: []
  disallowedCategories: []
  partPointGUI: {fileID: 0}
  activateOnDisconnect: []
  connectedTo: {fileID: 0}
  part: {fileID: 0}
--- !u!114 &4097917984317748237
MonoBehaviour:
  m_ObjectHideFlags: 0
  m_CorrespondingSourceObject: {fileID: 0}
  m_PrefabInstance: {fileID: 0}
  m_PrefabAsset: {fileID: 0}
  m_GameObject: {fileID: 4199353472628354521}
  m_Enabled: 1
  m_EditorHideFlags: 0
  m_Script: {fileID: 11500000, guid: 298df71d7d1c94f47a9df2b26686031c, type: 3}
  m_Name: 
  m_EditorClassIdentifier: 
  type: 2
  connection: l
  allowedCategories: []
  disallowedCategories: []
  partPointGUI: {fileID: 0}
  activateOnDisconnect: []
  connectedTo: {fileID: 0}
  part: {fileID: 0}
--- !u!64 &7987959440226383108
MeshCollider:
  m_ObjectHideFlags: 0
  m_CorrespondingSourceObject: {fileID: 0}
  m_PrefabInstance: {fileID: 0}
  m_PrefabAsset: {fileID: 0}
  m_GameObject: {fileID: 5133736177759965501}
  m_Material: {fileID: 0}
  m_IsTrigger: 0
  m_Enabled: 1
  serializedVersion: 3
  m_Convex: 0
  m_CookingOptions: 14
  m_Mesh: {fileID: 7203888893374665719, guid: 466da182bc70dcc479e3d9b61fa490a6, type: 3}
--- !u!114 &5153760798350848148
MonoBehaviour:
  m_ObjectHideFlags: 0
  m_CorrespondingSourceObject: {fileID: 0}
  m_PrefabInstance: {fileID: 0}
  m_PrefabAsset: {fileID: 0}
  m_GameObject: {fileID: 5133736177759965501}
  m_Enabled: 1
  m_EditorHideFlags: 0
  m_Script: {fileID: 11500000, guid: 816c52b73d7a1de4d8f07430f0420752, type: 3}
  m_Name: 
  m_EditorClassIdentifier: 
  partMeshType: main
  setMaterialIndex: -1
  setMaterialIndex2: -1
  sewing: 0
--- !u!114 &1701260531977224477
MonoBehaviour:
  m_ObjectHideFlags: 0
  m_CorrespondingSourceObject: {fileID: 0}
  m_PrefabInstance: {fileID: 0}
  m_PrefabAsset: {fileID: 0}
  m_GameObject: {fileID: 5399068391890858221}
  m_Enabled: 1
  m_EditorHideFlags: 0
  m_Script: {fileID: 11500000, guid: 298df71d7d1c94f47a9df2b26686031c, type: 3}
  m_Name: 
  m_EditorClassIdentifier: 
  type: 1
  connection: l
  allowedCategories: []
  disallowedCategories: []
  partPointGUI: {fileID: 0}
  activateOnDisconnect: []
  connectedTo: {fileID: 0}
  part: {fileID: 0}
--- !u!64 &9169149800148681533
MeshCollider:
  m_ObjectHideFlags: 0
  m_CorrespondingSourceObject: {fileID: 0}
  m_PrefabInstance: {fileID: 0}
  m_PrefabAsset: {fileID: 0}
  m_GameObject: {fileID: 7669531207109135349}
  m_Material: {fileID: 0}
  m_IsTrigger: 0
  m_Enabled: 1
  serializedVersion: 3
  m_Convex: 0
  m_CookingOptions: 14
  m_Mesh: {fileID: 6474547441564481564, guid: 466da182bc70dcc479e3d9b61fa490a6, type: 3}
--- !u!114 &1926694111186028169
MonoBehaviour:
  m_ObjectHideFlags: 0
  m_CorrespondingSourceObject: {fileID: 0}
  m_PrefabInstance: {fileID: 0}
  m_PrefabAsset: {fileID: 0}
  m_GameObject: {fileID: 7669531207109135349}
  m_Enabled: 1
  m_EditorHideFlags: 0
  m_Script: {fileID: 11500000, guid: 816c52b73d7a1de4d8f07430f0420752, type: 3}
  m_Name: 
  m_EditorClassIdentifier: 
  partMeshType: main
  setMaterialIndex: -1
  setMaterialIndex2: -1
  sewing: 0
--- !u!64 &4533196989973081916
MeshCollider:
  m_ObjectHideFlags: 0
  m_CorrespondingSourceObject: {fileID: 0}
  m_PrefabInstance: {fileID: 0}
  m_PrefabAsset: {fileID: 0}
  m_GameObject: {fileID: 8399542075800105687}
  m_Material: {fileID: 0}
  m_IsTrigger: 0
  m_Enabled: 1
  serializedVersion: 3
  m_Convex: 0
  m_CookingOptions: 14
  m_Mesh: {fileID: -3299395593282810929, guid: 466da182bc70dcc479e3d9b61fa490a6, type: 3}
--- !u!114 &5239334601250474249
MonoBehaviour:
  m_ObjectHideFlags: 0
  m_CorrespondingSourceObject: {fileID: 0}
  m_PrefabInstance: {fileID: 0}
  m_PrefabAsset: {fileID: 0}
  m_GameObject: {fileID: 8399542075800105687}
  m_Enabled: 1
  m_EditorHideFlags: 0
  m_Script: {fileID: 11500000, guid: 816c52b73d7a1de4d8f07430f0420752, type: 3}
  m_Name: 
  m_EditorClassIdentifier: 
  partMeshType: main
  setMaterialIndex: -1
  setMaterialIndex2: -1
  sewing: 0
--- !u!64 &2235163030621698759
MeshCollider:
  m_ObjectHideFlags: 0
  m_CorrespondingSourceObject: {fileID: 0}
  m_PrefabInstance: {fileID: 0}
  m_PrefabAsset: {fileID: 0}
  m_GameObject: {fileID: 8696337886239786153}
  m_Material: {fileID: 0}
  m_IsTrigger: 0
  m_Enabled: 1
  serializedVersion: 3
  m_Convex: 0
  m_CookingOptions: 14
  m_Mesh: {fileID: -7306121626685966976, guid: 466da182bc70dcc479e3d9b61fa490a6, type: 3}
--- !u!114 &1186557456563156485
MonoBehaviour:
  m_ObjectHideFlags: 0
  m_CorrespondingSourceObject: {fileID: 0}
  m_PrefabInstance: {fileID: 0}
  m_PrefabAsset: {fileID: 0}
  m_GameObject: {fileID: 8696337886239786153}
  m_Enabled: 1
  m_EditorHideFlags: 0
  m_Script: {fileID: 11500000, guid: 816c52b73d7a1de4d8f07430f0420752, type: 3}
  m_Name: 
  m_EditorClassIdentifier: 
  partMeshType: main2
  setMaterialIndex: 0
  setMaterialIndex2: -1
  sewing: 0
--- !u!114 &2395866495216239298
MonoBehaviour:
  m_ObjectHideFlags: 0
  m_CorrespondingSourceObject: {fileID: 0}
  m_PrefabInstance: {fileID: 0}
  m_PrefabAsset: {fileID: 0}
  m_GameObject: {fileID: 8696337886239786153}
  m_Enabled: 1
  m_EditorHideFlags: 0
  m_Script: {fileID: 11500000, guid: 816c52b73d7a1de4d8f07430f0420752, type: 3}
  m_Name: 
  m_EditorClassIdentifier: 
  partMeshType: main
  setMaterialIndex: 1
  setMaterialIndex2: -1
  sewing: 0
--- !u!114 &7652197110497357339
MonoBehaviour:
  m_ObjectHideFlags: 0
  m_CorrespondingSourceObject: {fileID: 0}
  m_PrefabInstance: {fileID: 0}
  m_PrefabAsset: {fileID: 0}
  m_GameObject: {fileID: 8696337886239786153}
  m_Enabled: 1
  m_EditorHideFlags: 0
  m_Script: {fileID: 11500000, guid: 816c52b73d7a1de4d8f07430f0420752, type: 3}
  m_Name: 
  m_EditorClassIdentifier: 
  partMeshType: main3
  setMaterialIndex: 3
  setMaterialIndex2: -1
  sewing: 0
--- !u!1001 &3506773892623013647
PrefabInstance:
  m_ObjectHideFlags: 0
  serializedVersion: 2
  m_Modification:
    m_TransformParent: {fileID: 4707822887389670451}
    m_Modifications:
    - target: {fileID: -927199367670048503, guid: 466da182bc70dcc479e3d9b61fa490a6,
        type: 3}
      propertyPath: m_Name
      value: denv_2ka_1540
      objectReference: {fileID: 0}
    - target: {fileID: -927199367670048503, guid: 466da182bc70dcc479e3d9b61fa490a6,
        type: 3}
      propertyPath: m_Layer
      value: 9
      objectReference: {fileID: 0}
    - target: {fileID: 5189564582073504678, guid: 466da182bc70dcc479e3d9b61fa490a6,
        type: 3}
      propertyPath: m_Layer
      value: 9
      objectReference: {fileID: 0}
    - target: {fileID: 4916729325269263832, guid: 466da182bc70dcc479e3d9b61fa490a6,
        type: 3}
      propertyPath: m_Layer
      value: 9
      objectReference: {fileID: 0}
    - target: {fileID: 4916729325269263832, guid: 466da182bc70dcc479e3d9b61fa490a6,
        type: 3}
      propertyPath: m_IsActive
      value: 0
      objectReference: {fileID: 0}
    - target: {fileID: -2682678930436268806, guid: 466da182bc70dcc479e3d9b61fa490a6,
        type: 3}
      propertyPath: m_Layer
      value: 9
      objectReference: {fileID: 0}
    - target: {fileID: -2682678930436268806, guid: 466da182bc70dcc479e3d9b61fa490a6,
        type: 3}
      propertyPath: m_IsActive
      value: 0
      objectReference: {fileID: 0}
    - target: {fileID: -606823095677958606, guid: 466da182bc70dcc479e3d9b61fa490a6,
        type: 3}
      propertyPath: m_Layer
      value: 9
      objectReference: {fileID: 0}
    - target: {fileID: -606823095677958606, guid: 466da182bc70dcc479e3d9b61fa490a6,
        type: 3}
      propertyPath: m_IsActive
      value: 0
      objectReference: {fileID: 0}
    - target: {fileID: -7962459947295516030, guid: 466da182bc70dcc479e3d9b61fa490a6,
        type: 3}
      propertyPath: m_Layer
      value: 9
      objectReference: {fileID: 0}
    - target: {fileID: -9162677343495940691, guid: 466da182bc70dcc479e3d9b61fa490a6,
        type: 3}
      propertyPath: m_Layer
      value: 9
      objectReference: {fileID: 0}
    - target: {fileID: -7427052149022455525, guid: 466da182bc70dcc479e3d9b61fa490a6,
        type: 3}
      propertyPath: m_Layer
      value: 9
      objectReference: {fileID: 0}
    - target: {fileID: 8811231503130896354, guid: 466da182bc70dcc479e3d9b61fa490a6,
        type: 3}
      propertyPath: m_Layer
      value: 9
      objectReference: {fileID: 0}
    - target: {fileID: -8435934805543585066, guid: 466da182bc70dcc479e3d9b61fa490a6,
        type: 3}
      propertyPath: m_Layer
      value: 9
      objectReference: {fileID: 0}
    - target: {fileID: -8787722284671001068, guid: 466da182bc70dcc479e3d9b61fa490a6,
        type: 3}
      propertyPath: m_Layer
      value: 9
      objectReference: {fileID: 0}
    - target: {fileID: -8787722284671001068, guid: 466da182bc70dcc479e3d9b61fa490a6,
        type: 3}
      propertyPath: m_IsActive
      value: 0
      objectReference: {fileID: 0}
    - target: {fileID: 4325279278009993859, guid: 466da182bc70dcc479e3d9b61fa490a6,
        type: 3}
      propertyPath: m_Layer
      value: 9
      objectReference: {fileID: 0}
    - target: {fileID: 3921088174967662986, guid: 466da182bc70dcc479e3d9b61fa490a6,
        type: 3}
      propertyPath: m_Layer
      value: 9
      objectReference: {fileID: 0}
    - target: {fileID: 3921088174967662986, guid: 466da182bc70dcc479e3d9b61fa490a6,
        type: 3}
      propertyPath: m_IsActive
      value: 0
      objectReference: {fileID: 0}
    - target: {fileID: -4216859302048453862, guid: 466da182bc70dcc479e3d9b61fa490a6,
        type: 3}
      propertyPath: m_LocalPosition.x
      value: 0
      objectReference: {fileID: 0}
    - target: {fileID: -4216859302048453862, guid: 466da182bc70dcc479e3d9b61fa490a6,
        type: 3}
      propertyPath: m_LocalPosition.y
      value: 0
      objectReference: {fileID: 0}
    - target: {fileID: -4216859302048453862, guid: 466da182bc70dcc479e3d9b61fa490a6,
        type: 3}
      propertyPath: m_LocalPosition.z
      value: 0
      objectReference: {fileID: 0}
    - target: {fileID: -4216859302048453862, guid: 466da182bc70dcc479e3d9b61fa490a6,
        type: 3}
      propertyPath: m_LocalRotation.x
      value: 0
      objectReference: {fileID: 0}
    - target: {fileID: -4216859302048453862, guid: 466da182bc70dcc479e3d9b61fa490a6,
        type: 3}
      propertyPath: m_LocalRotation.y
      value: 0
      objectReference: {fileID: 0}
    - target: {fileID: -4216859302048453862, guid: 466da182bc70dcc479e3d9b61fa490a6,
        type: 3}
      propertyPath: m_LocalRotation.z
      value: 0
      objectReference: {fileID: 0}
    - target: {fileID: -4216859302048453862, guid: 466da182bc70dcc479e3d9b61fa490a6,
        type: 3}
      propertyPath: m_LocalRotation.w
      value: 1
      objectReference: {fileID: 0}
    - target: {fileID: -4216859302048453862, guid: 466da182bc70dcc479e3d9b61fa490a6,
        type: 3}
      propertyPath: m_RootOrder
      value: 0
      objectReference: {fileID: 0}
    - target: {fileID: -4216859302048453862, guid: 466da182bc70dcc479e3d9b61fa490a6,
        type: 3}
      propertyPath: m_LocalEulerAnglesHint.x
      value: 0
      objectReference: {fileID: 0}
    - target: {fileID: -4216859302048453862, guid: 466da182bc70dcc479e3d9b61fa490a6,
        type: 3}
      propertyPath: m_LocalEulerAnglesHint.y
      value: 0
      objectReference: {fileID: 0}
    - target: {fileID: -4216859302048453862, guid: 466da182bc70dcc479e3d9b61fa490a6,
        type: 3}
      propertyPath: m_LocalEulerAnglesHint.z
      value: 0
      objectReference: {fileID: 0}
    - target: {fileID: -4569204693335411411, guid: 466da182bc70dcc479e3d9b61fa490a6,
        type: 3}
      propertyPath: m_LocalPosition.z
      value: 1.5
      objectReference: {fileID: 0}
    - target: {fileID: 4543822377582533308, guid: 466da182bc70dcc479e3d9b61fa490a6,
        type: 3}
      propertyPath: m_Materials.Array.data[0]
      value: 
      objectReference: {fileID: 2100000, guid: 2abd7b2298a510a4aa3c01245cd0c1ec, type: 2}
    - target: {fileID: 4543822377582533308, guid: 466da182bc70dcc479e3d9b61fa490a6,
        type: 3}
      propertyPath: m_Materials.Array.data[1]
      value: 
      objectReference: {fileID: 2100000, guid: 2abd7b2298a510a4aa3c01245cd0c1ec, type: 2}
    - target: {fileID: 4543822377582533308, guid: 466da182bc70dcc479e3d9b61fa490a6,
        type: 3}
      propertyPath: m_Materials.Array.data[2]
      value: 
      objectReference: {fileID: 2100000, guid: 2abd7b2298a510a4aa3c01245cd0c1ec, type: 2}
    m_RemovedComponents: []
  m_SourcePrefab: {fileID: 100100000, guid: 466da182bc70dcc479e3d9b61fa490a6, type: 3}
--- !u!4 &8489325464411782165 stripped
Transform:
  m_CorrespondingSourceObject: {fileID: -4216859302048453862, guid: 466da182bc70dcc479e3d9b61fa490a6,
    type: 3}
  m_PrefabInstance: {fileID: 3506773892623013647}
  m_PrefabAsset: {fileID: 0}
--- !u!1 &8696337886239786153 stripped
GameObject:
  m_CorrespondingSourceObject: {fileID: 5189564582073504678, guid: 466da182bc70dcc479e3d9b61fa490a6,
    type: 3}
  m_PrefabInstance: {fileID: 3506773892623013647}
  m_PrefabAsset: {fileID: 0}
--- !u!1 &8399542075800105687 stripped
GameObject:
  m_CorrespondingSourceObject: {fileID: 4916729325269263832, guid: 466da182bc70dcc479e3d9b61fa490a6,
    type: 3}
  m_PrefabInstance: {fileID: 3506773892623013647}
  m_PrefabAsset: {fileID: 0}
--- !u!1 &7669531207109135349 stripped
GameObject:
  m_CorrespondingSourceObject: {fileID: -2682678930436268806, guid: 466da182bc70dcc479e3d9b61fa490a6,
    type: 3}
  m_PrefabInstance: {fileID: 3506773892623013647}
  m_PrefabAsset: {fileID: 0}
--- !u!1 &5133736177759965501 stripped
GameObject:
  m_CorrespondingSourceObject: {fileID: -606823095677958606, guid: 466da182bc70dcc479e3d9b61fa490a6,
    type: 3}
  m_PrefabInstance: {fileID: 3506773892623013647}
  m_PrefabAsset: {fileID: 0}
--- !u!1 &2437917015793749389 stripped
GameObject:
  m_CorrespondingSourceObject: {fileID: -7962459947295516030, guid: 466da182bc70dcc479e3d9b61fa490a6,
    type: 3}
  m_PrefabInstance: {fileID: 3506773892623013647}
  m_PrefabAsset: {fileID: 0}
--- !u!1 &3494003612719186594 stripped
GameObject:
  m_CorrespondingSourceObject: {fileID: -9162677343495940691, guid: 466da182bc70dcc479e3d9b61fa490a6,
    type: 3}
  m_PrefabInstance: {fileID: 3506773892623013647}
  m_PrefabAsset: {fileID: 0}
--- !u!1 &2902393132284878356 stripped
GameObject:
  m_CorrespondingSourceObject: {fileID: -7427052149022455525, guid: 466da182bc70dcc479e3d9b61fa490a6,
    type: 3}
  m_PrefabInstance: {fileID: 3506773892623013647}
  m_PrefabAsset: {fileID: 0}
--- !u!1 &5399068391890858221 stripped
GameObject:
  m_CorrespondingSourceObject: {fileID: 8811231503130896354, guid: 466da182bc70dcc479e3d9b61fa490a6,
    type: 3}
  m_PrefabInstance: {fileID: 3506773892623013647}
  m_PrefabAsset: {fileID: 0}
--- !u!1 &4199353472628354521 stripped
GameObject:
  m_CorrespondingSourceObject: {fileID: -8435934805543585066, guid: 466da182bc70dcc479e3d9b61fa490a6,
    type: 3}
  m_PrefabInstance: {fileID: 3506773892623013647}
  m_PrefabAsset: {fileID: 0}
