%YAML 1.1
%TAG !u! tag:unity3d.com,2011:
--- !u!64 &366407395831727613
MeshCollider:
  m_ObjectHideFlags: 0
  m_CorrespondingSourceObject: {fileID: 0}
  m_PrefabInstance: {fileID: 0}
  m_PrefabAsset: {fileID: 0}
  m_GameObject: {fileID: 160840968618347598}
  m_Material: {fileID: 0}
  m_IsTrigger: 0
  m_Enabled: 1
  serializedVersion: 3
  m_Convex: 0
  m_CookingOptions: 14
  m_Mesh: {fileID: -6527278354578500301, guid: bd492bf0c975b6444b06d4cbcd7f5bb4, type: 3}
--- !u!114 &405718779004155441
MonoBehaviour:
  m_ObjectHideFlags: 0
  m_CorrespondingSourceObject: {fileID: 0}
  m_PrefabInstance: {fileID: 0}
  m_PrefabAsset: {fileID: 0}
  m_GameObject: {fileID: 160840968618347598}
  m_Enabled: 1
  m_EditorHideFlags: 0
  m_Script: {fileID: 11500000, guid: 816c52b73d7a1de4d8f07430f0420752, type: 3}
  m_Name: 
  m_EditorClassIdentifier: 
  partMeshType: main3
  setMaterialIndex: 2
  setMaterialIndex2: -1
  sewing: 0
--- !u!114 &4370668212314983094
MonoBehaviour:
  m_ObjectHideFlags: 0
  m_CorrespondingSourceObject: {fileID: 0}
  m_PrefabInstance: {fileID: 0}
  m_PrefabAsset: {fileID: 0}
  m_GameObject: {fileID: 160840968618347598}
  m_Enabled: 1
  m_EditorHideFlags: 0
  m_Script: {fileID: 11500000, guid: 816c52b73d7a1de4d8f07430f0420752, type: 3}
  m_Name: 
  m_EditorClassIdentifier: 
  partMeshType: main
  setMaterialIndex: 1
  setMaterialIndex2: -1
  sewing: 0
--- !u!114 &8299583769806938355
MonoBehaviour:
  m_ObjectHideFlags: 0
  m_CorrespondingSourceObject: {fileID: 0}
  m_PrefabInstance: {fileID: 0}
  m_PrefabAsset: {fileID: 0}
  m_GameObject: {fileID: 160840968618347598}
  m_Enabled: 1
  m_EditorHideFlags: 0
  m_Script: {fileID: 11500000, guid: 816c52b73d7a1de4d8f07430f0420752, type: 3}
  m_Name: 
  m_EditorClassIdentifier: 
  partMeshType: main2
  setMaterialIndex: 0
  setMaterialIndex2: -1
  sewing: 0
--- !u!114 &6500828039354449914
MonoBehaviour:
  m_ObjectHideFlags: 0
  m_CorrespondingSourceObject: {fileID: 0}
  m_PrefabInstance: {fileID: 0}
  m_PrefabAsset: {fileID: 0}
  m_GameObject: {fileID: 354689528229347455}
  m_Enabled: 1
  m_EditorHideFlags: 0
  m_Script: {fileID: 11500000, guid: 816c52b73d7a1de4d8f07430f0420752, type: 3}
  m_Name: 
  m_EditorClassIdentifier: 
  partMeshType: legs
  setMaterialIndex: -1
  setMaterialIndex2: -1
  sewing: 0
--- !u!114 &4111601489054786283
MonoBehaviour:
  m_ObjectHideFlags: 0
  m_CorrespondingSourceObject: {fileID: 0}
  m_PrefabInstance: {fileID: 0}
  m_PrefabAsset: {fileID: 0}
  m_GameObject: {fileID: 1307976302585799665}
  m_Enabled: 1
  m_EditorHideFlags: 0
  m_Script: {fileID: 11500000, guid: 816c52b73d7a1de4d8f07430f0420752, type: 3}
  m_Name: 
  m_EditorClassIdentifier: 
  partMeshType: legs
  setMaterialIndex: -1
  setMaterialIndex2: -1
  sewing: 0
--- !u!114 &4857026875242772108
MonoBehaviour:
  m_ObjectHideFlags: 0
  m_CorrespondingSourceObject: {fileID: 0}
  m_PrefabInstance: {fileID: 0}
  m_PrefabAsset: {fileID: 0}
  m_GameObject: {fileID: 2040725775748494674}
  m_Enabled: 1
  m_EditorHideFlags: 0
  m_Script: {fileID: 11500000, guid: 816c52b73d7a1de4d8f07430f0420752, type: 3}
  m_Name: 
  m_EditorClassIdentifier: 
  partMeshType: legs2
  setMaterialIndex: -1
  setMaterialIndex2: -1
  sewing: 0
--- !u!114 &1538892044007472168
MonoBehaviour:
  m_ObjectHideFlags: 0
  m_CorrespondingSourceObject: {fileID: 0}
  m_PrefabInstance: {fileID: 0}
  m_PrefabAsset: {fileID: 0}
  m_GameObject: {fileID: 2051642224551468840}
  m_Enabled: 1
  m_EditorHideFlags: 0
  m_Script: {fileID: 11500000, guid: 816c52b73d7a1de4d8f07430f0420752, type: 3}
  m_Name: 
  m_EditorClassIdentifier: 
  partMeshType: legs
  setMaterialIndex: -1
  setMaterialIndex2: -1
  sewing: 0
--- !u!114 &216731460113786838
MonoBehaviour:
  m_ObjectHideFlags: 0
  m_CorrespondingSourceObject: {fileID: 0}
  m_PrefabInstance: {fileID: 0}
  m_PrefabAsset: {fileID: 0}
  m_GameObject: {fileID: 2462776693234363412}
  m_Enabled: 1
  m_EditorHideFlags: 0
  m_Script: {fileID: 11500000, guid: 298df71d7d1c94f47a9df2b26686031c, type: 3}
  m_Name: 
  m_EditorClassIdentifier: 
  type: 1
  connection: l
  allowedCategories: []
  disallowedCategories: []
  partPointGUI: {fileID: 0}
  activateOnDisconnect: []
  connectedTo: {fileID: 0}
  part: {fileID: 0}
--- !u!64 &8569880941872052674
MeshCollider:
  m_ObjectHideFlags: 0
  m_CorrespondingSourceObject: {fileID: 0}
  m_PrefabInstance: {fileID: 0}
  m_PrefabAsset: {fileID: 0}
  m_GameObject: {fileID: 4978063449040192077}
  m_Material: {fileID: 0}
  m_IsTrigger: 0
  m_Enabled: 1
  serializedVersion: 3
  m_Convex: 0
  m_CookingOptions: 14
  m_Mesh: {fileID: 7300102888144050222, guid: bd492bf0c975b6444b06d4cbcd7f5bb4, type: 3}
--- !u!114 &5681911672403370520
MonoBehaviour:
  m_ObjectHideFlags: 0
  m_CorrespondingSourceObject: {fileID: 0}
  m_PrefabInstance: {fileID: 0}
  m_PrefabAsset: {fileID: 0}
  m_GameObject: {fileID: 4978063449040192077}
  m_Enabled: 1
  m_EditorHideFlags: 0
  m_Script: {fileID: 11500000, guid: 816c52b73d7a1de4d8f07430f0420752, type: 3}
  m_Name: 
  m_EditorClassIdentifier: 
  partMeshType: main
  setMaterialIndex: -1
  setMaterialIndex2: -1
  sewing: 0
--- !u!114 &2651877411146270103
MonoBehaviour:
  m_ObjectHideFlags: 0
  m_CorrespondingSourceObject: {fileID: 0}
  m_PrefabInstance: {fileID: 0}
  m_PrefabAsset: {fileID: 0}
  m_GameObject: {fileID: 6162731872836611220}
  m_Enabled: 1
  m_EditorHideFlags: 0
  m_Script: {fileID: 11500000, guid: 298df71d7d1c94f47a9df2b26686031c, type: 3}
  m_Name: 
  m_EditorClassIdentifier: 
  type: 0
  connection: r
  allowedCategories: []
  disallowedCategories: []
  partPointGUI: {fileID: 0}
  activateOnDisconnect: []
  connectedTo: {fileID: 0}
  part: {fileID: 0}
--- !u!114 &6353500856546139657
MonoBehaviour:
  m_ObjectHideFlags: 0
  m_CorrespondingSourceObject: {fileID: 0}
  m_PrefabInstance: {fileID: 0}
  m_PrefabAsset: {fileID: 0}
  m_GameObject: {fileID: 7127674092654841737}
  m_Enabled: 1
  m_EditorHideFlags: 0
  m_Script: {fileID: 11500000, guid: 816c52b73d7a1de4d8f07430f0420752, type: 3}
  m_Name: 
  m_EditorClassIdentifier: 
  partMeshType: legs2
  setMaterialIndex: -1
  setMaterialIndex2: -1
  sewing: 0
--- !u!114 &1355736277387921965
MonoBehaviour:
  m_ObjectHideFlags: 0
  m_CorrespondingSourceObject: {fileID: 0}
  m_PrefabInstance: {fileID: 0}
  m_PrefabAsset: {fileID: 0}
  m_GameObject: {fileID: 7769834259039073766}
  m_Enabled: 1
  m_EditorHideFlags: 0
  m_Script: {fileID: 11500000, guid: 816c52b73d7a1de4d8f07430f0420752, type: 3}
  m_Name: 
  m_EditorClassIdentifier: 
  partMeshType: legs
  setMaterialIndex: -1
  setMaterialIndex2: -1
  sewing: 0
--- !u!1 &8678851492945985401
GameObject:
  m_ObjectHideFlags: 0
  m_CorrespondingSourceObject: {fileID: 0}
  m_PrefabInstance: {fileID: 0}
  m_PrefabAsset: {fileID: 0}
  serializedVersion: 6
  m_Component:
  - component: {fileID: 5918129357864706024}
  - component: {fileID: 7899128688699371341}
  m_Layer: 9
  m_Name: denv_OTTOMANE_995x1270 1
  m_TagString: Untagged
  m_Icon: {fileID: 0}
  m_NavMeshLayer: 0
  m_StaticEditorFlags: 0
  m_IsActive: 1
--- !u!4 &5918129357864706024
Transform:
  m_ObjectHideFlags: 0
  m_CorrespondingSourceObject: {fileID: 0}
  m_PrefabInstance: {fileID: 0}
  m_PrefabAsset: {fileID: 0}
  m_GameObject: {fileID: 8678851492945985401}
  m_LocalRotation: {x: 0, y: 1, z: 0, w: 0}
  m_LocalPosition: {x: 0, y: 0, z: 0}
  m_LocalScale: {x: 1, y: 1, z: 1}
  m_Children:
  - {fileID: 6713465512754376360}
  m_Father: {fileID: 0}
  m_RootOrder: 0
  m_LocalEulerAnglesHint: {x: 0, y: 180, z: 0}
--- !u!114 &7899128688699371341
MonoBehaviour:
  m_ObjectHideFlags: 0
  m_CorrespondingSourceObject: {fileID: 0}
  m_PrefabInstance: {fileID: 0}
  m_PrefabAsset: {fileID: 0}
  m_GameObject: {fileID: 8678851492945985401}
  m_Enabled: 1
  m_EditorHideFlags: 0
  m_Script: {fileID: 11500000, guid: de305606890b87e42a58c187eba6fe10, type: 3}
  m_Name: 
  m_EditorClassIdentifier: 
  partName: "Ottoman mal\xFD"
  partNameCombinations: []
  partDescription: 
  partCategory: universal
  includeInDimensions: 1
  dimensions: {x: 0.9990001, y: 0.8854951, z: 1.2808653}
  image: {fileID: 21300000, guid: b06332e98e9026b4a9e0a1cb777b988b, type: 3}
  type: 0
  partPoints:
  - {fileID: 2651877411146270103}
  - {fileID: 216731460113786838}
  canBeStandalone: 1
  sewingNames: []
  OnPartPointConnect:
    m_PersistentCalls:
      m_Calls: []
--- !u!1001 &1752377026382579122
PrefabInstance:
  m_ObjectHideFlags: 0
  serializedVersion: 2
  m_Modification:
    m_TransformParent: {fileID: 5918129357864706024}
    m_Modifications:
    - target: {fileID: -927199367670048503, guid: bd492bf0c975b6444b06d4cbcd7f5bb4,
        type: 3}
      propertyPath: m_Name
      value: denv_OTTOMANE_995x1270
      objectReference: {fileID: 0}
    - target: {fileID: -927199367670048503, guid: bd492bf0c975b6444b06d4cbcd7f5bb4,
        type: 3}
      propertyPath: m_Layer
      value: 9
      objectReference: {fileID: 0}
    - target: {fileID: 1903577457920133628, guid: bd492bf0c975b6444b06d4cbcd7f5bb4,
        type: 3}
      propertyPath: m_Layer
      value: 9
      objectReference: {fileID: 0}
    - target: {fileID: -2502853734481836033, guid: bd492bf0c975b6444b06d4cbcd7f5bb4,
        type: 3}
      propertyPath: m_Layer
      value: 9
      objectReference: {fileID: 0}
    - target: {fileID: -2502853734481836033, guid: bd492bf0c975b6444b06d4cbcd7f5bb4,
        type: 3}
      propertyPath: m_IsActive
      value: 0
      objectReference: {fileID: 0}
    - target: {fileID: 5609191977040062758, guid: bd492bf0c975b6444b06d4cbcd7f5bb4,
        type: 3}
      propertyPath: m_Layer
      value: 9
      objectReference: {fileID: 0}
    - target: {fileID: -5009062971145541210, guid: bd492bf0c975b6444b06d4cbcd7f5bb4,
        type: 3}
      propertyPath: m_Layer
      value: 9
      objectReference: {fileID: 0}
    - target: {fileID: 299863369337526938, guid: bd492bf0c975b6444b06d4cbcd7f5bb4,
        type: 3}
      propertyPath: m_Layer
      value: 9
      objectReference: {fileID: 0}
    - target: {fileID: -900070623462952876, guid: bd492bf0c975b6444b06d4cbcd7f5bb4,
        type: 3}
      propertyPath: m_Layer
      value: 9
      objectReference: {fileID: 0}
    - target: {fileID: -7152369722472823347, guid: bd492bf0c975b6444b06d4cbcd7f5bb4,
        type: 3}
      propertyPath: m_Layer
      value: 9
      objectReference: {fileID: 0}
    - target: {fileID: -8469181712900315581, guid: bd492bf0c975b6444b06d4cbcd7f5bb4,
        type: 3}
      propertyPath: m_Layer
      value: 9
      objectReference: {fileID: 0}
    - target: {fileID: -8934107187338399520, guid: bd492bf0c975b6444b06d4cbcd7f5bb4,
        type: 3}
      propertyPath: m_Layer
      value: 9
      objectReference: {fileID: 0}
    - target: {fileID: -8934107187338399520, guid: bd492bf0c975b6444b06d4cbcd7f5bb4,
        type: 3}
      propertyPath: m_IsActive
      value: 0
      objectReference: {fileID: 0}
    - target: {fileID: 8843702203272432187, guid: bd492bf0c975b6444b06d4cbcd7f5bb4,
        type: 3}
      propertyPath: m_Layer
      value: 9
      objectReference: {fileID: 0}
    - target: {fileID: 8843702203272432187, guid: bd492bf0c975b6444b06d4cbcd7f5bb4,
        type: 3}
      propertyPath: m_IsActive
      value: 0
      objectReference: {fileID: 0}
    - target: {fileID: -4216859302048453862, guid: bd492bf0c975b6444b06d4cbcd7f5bb4,
        type: 3}
      propertyPath: m_LocalPosition.x
      value: 0
      objectReference: {fileID: 0}
    - target: {fileID: -4216859302048453862, guid: bd492bf0c975b6444b06d4cbcd7f5bb4,
        type: 3}
      propertyPath: m_LocalPosition.y
      value: 0
      objectReference: {fileID: 0}
    - target: {fileID: -4216859302048453862, guid: bd492bf0c975b6444b06d4cbcd7f5bb4,
        type: 3}
      propertyPath: m_LocalPosition.z
      value: 0
      objectReference: {fileID: 0}
    - target: {fileID: -4216859302048453862, guid: bd492bf0c975b6444b06d4cbcd7f5bb4,
        type: 3}
      propertyPath: m_LocalRotation.x
      value: 0
      objectReference: {fileID: 0}
    - target: {fileID: -4216859302048453862, guid: bd492bf0c975b6444b06d4cbcd7f5bb4,
        type: 3}
      propertyPath: m_LocalRotation.y
      value: 0
      objectReference: {fileID: 0}
    - target: {fileID: -4216859302048453862, guid: bd492bf0c975b6444b06d4cbcd7f5bb4,
        type: 3}
      propertyPath: m_LocalRotation.z
      value: 0
      objectReference: {fileID: 0}
    - target: {fileID: -4216859302048453862, guid: bd492bf0c975b6444b06d4cbcd7f5bb4,
        type: 3}
      propertyPath: m_LocalRotation.w
      value: 1
      objectReference: {fileID: 0}
    - target: {fileID: -4216859302048453862, guid: bd492bf0c975b6444b06d4cbcd7f5bb4,
        type: 3}
      propertyPath: m_RootOrder
      value: 0
      objectReference: {fileID: 0}
    - target: {fileID: -4216859302048453862, guid: bd492bf0c975b6444b06d4cbcd7f5bb4,
        type: 3}
      propertyPath: m_LocalEulerAnglesHint.x
      value: 0
      objectReference: {fileID: 0}
    - target: {fileID: -4216859302048453862, guid: bd492bf0c975b6444b06d4cbcd7f5bb4,
        type: 3}
      propertyPath: m_LocalEulerAnglesHint.y
      value: 0
      objectReference: {fileID: 0}
    - target: {fileID: -4216859302048453862, guid: bd492bf0c975b6444b06d4cbcd7f5bb4,
        type: 3}
      propertyPath: m_LocalEulerAnglesHint.z
      value: 0
      objectReference: {fileID: 0}
    - target: {fileID: -4216859302048453862, guid: bd492bf0c975b6444b06d4cbcd7f5bb4,
        type: 3}
      propertyPath: m_LocalScale.x
      value: -1
      objectReference: {fileID: 0}
    - target: {fileID: 1907456367873386522, guid: bd492bf0c975b6444b06d4cbcd7f5bb4,
        type: 3}
      propertyPath: m_Materials.Array.data[0]
      value: 
      objectReference: {fileID: 2100000, guid: ef0a40ef0c4155445bab600761bd9a08, type: 2}
    - target: {fileID: 1174041699064428736, guid: bd492bf0c975b6444b06d4cbcd7f5bb4,
        type: 3}
      propertyPath: m_Materials.Array.data[0]
      value: 
      objectReference: {fileID: 2100000, guid: ef0a40ef0c4155445bab600761bd9a08, type: 2}
    - target: {fileID: 1174041699064428736, guid: bd492bf0c975b6444b06d4cbcd7f5bb4,
        type: 3}
      propertyPath: m_Materials.Array.data[1]
      value: 
      objectReference: {fileID: 2100000, guid: ef0a40ef0c4155445bab600761bd9a08, type: 2}
    - target: {fileID: -8032910022048857510, guid: bd492bf0c975b6444b06d4cbcd7f5bb4,
        type: 3}
      propertyPath: m_Materials.Array.data[0]
      value: 
      objectReference: {fileID: 2100000, guid: ef0a40ef0c4155445bab600761bd9a08, type: 2}
    - target: {fileID: -8032910022048857510, guid: bd492bf0c975b6444b06d4cbcd7f5bb4,
        type: 3}
      propertyPath: m_Materials.Array.data[1]
      value: 
      objectReference: {fileID: 2100000, guid: ef0a40ef0c4155445bab600761bd9a08, type: 2}
    - target: {fileID: 1306262233221588692, guid: bd492bf0c975b6444b06d4cbcd7f5bb4,
        type: 3}
      propertyPath: m_Materials.Array.data[0]
      value: 
      objectReference: {fileID: 2100000, guid: ef0a40ef0c4155445bab600761bd9a08, type: 2}
    - target: {fileID: 1306262233221588692, guid: bd492bf0c975b6444b06d4cbcd7f5bb4,
        type: 3}
      propertyPath: m_Materials.Array.data[1]
      value: 
      objectReference: {fileID: 2100000, guid: ef0a40ef0c4155445bab600761bd9a08, type: 2}
    - target: {fileID: -7736615972033900997, guid: bd492bf0c975b6444b06d4cbcd7f5bb4,
        type: 3}
      propertyPath: m_Materials.Array.data[0]
      value: 
      objectReference: {fileID: 2100000, guid: 2abd7b2298a510a4aa3c01245cd0c1ec, type: 2}
    - target: {fileID: -7736615972033900997, guid: bd492bf0c975b6444b06d4cbcd7f5bb4,
        type: 3}
      propertyPath: m_Materials.Array.data[1]
      value: 
      objectReference: {fileID: 2100000, guid: 2abd7b2298a510a4aa3c01245cd0c1ec, type: 2}
    - target: {fileID: -7736615972033900997, guid: bd492bf0c975b6444b06d4cbcd7f5bb4,
        type: 3}
      propertyPath: m_Materials.Array.data[2]
      value: 
      objectReference: {fileID: 2100000, guid: 2abd7b2298a510a4aa3c01245cd0c1ec, type: 2}
    - target: {fileID: -8802349863578889127, guid: bd492bf0c975b6444b06d4cbcd7f5bb4,
        type: 3}
      propertyPath: m_Materials.Array.data[0]
      value: 
      objectReference: {fileID: 2100000, guid: ef0a40ef0c4155445bab600761bd9a08, type: 2}
    - target: {fileID: -8802349863578889127, guid: bd492bf0c975b6444b06d4cbcd7f5bb4,
        type: 3}
      propertyPath: m_Materials.Array.data[1]
      value: 
      objectReference: {fileID: 2100000, guid: ef0a40ef0c4155445bab600761bd9a08, type: 2}
    - target: {fileID: 4754320671645959452, guid: bd492bf0c975b6444b06d4cbcd7f5bb4,
        type: 3}
      propertyPath: m_Materials.Array.data[0]
      value: 
      objectReference: {fileID: 2100000, guid: ef0a40ef0c4155445bab600761bd9a08, type: 2}
    m_RemovedComponents: []
  m_SourcePrefab: {fileID: 100100000, guid: bd492bf0c975b6444b06d4cbcd7f5bb4, type: 3}
--- !u!4 &6713465512754376360 stripped
Transform:
  m_CorrespondingSourceObject: {fileID: -4216859302048453862, guid: bd492bf0c975b6444b06d4cbcd7f5bb4,
    type: 3}
  m_PrefabInstance: {fileID: 1752377026382579122}
  m_PrefabAsset: {fileID: 0}
--- !u!1 &160840968618347598 stripped
GameObject:
  m_CorrespondingSourceObject: {fileID: 1903577457920133628, guid: bd492bf0c975b6444b06d4cbcd7f5bb4,
    type: 3}
  m_PrefabInstance: {fileID: 1752377026382579122}
  m_PrefabAsset: {fileID: 0}
--- !u!1 &4978063449040192077 stripped
GameObject:
  m_CorrespondingSourceObject: {fileID: -2502853734481836033, guid: bd492bf0c975b6444b06d4cbcd7f5bb4,
    type: 3}
  m_PrefabInstance: {fileID: 1752377026382579122}
  m_PrefabAsset: {fileID: 0}
--- !u!1 &6162731872836611220 stripped
GameObject:
  m_CorrespondingSourceObject: {fileID: 5609191977040062758, guid: bd492bf0c975b6444b06d4cbcd7f5bb4,
    type: 3}
  m_PrefabInstance: {fileID: 1752377026382579122}
  m_PrefabAsset: {fileID: 0}
--- !u!1 &2462776693234363412 stripped
GameObject:
  m_CorrespondingSourceObject: {fileID: -5009062971145541210, guid: bd492bf0c975b6444b06d4cbcd7f5bb4,
    type: 3}
  m_PrefabInstance: {fileID: 1752377026382579122}
  m_PrefabAsset: {fileID: 0}
--- !u!1 &2051642224551468840 stripped
GameObject:
  m_CorrespondingSourceObject: {fileID: 299863369337526938, guid: bd492bf0c975b6444b06d4cbcd7f5bb4,
    type: 3}
  m_PrefabInstance: {fileID: 1752377026382579122}
  m_PrefabAsset: {fileID: 0}
--- !u!1 &7769834259039073766 stripped
GameObject:
  m_CorrespondingSourceObject: {fileID: -900070623462952876, guid: bd492bf0c975b6444b06d4cbcd7f5bb4,
    type: 3}
  m_PrefabInstance: {fileID: 1752377026382579122}
  m_PrefabAsset: {fileID: 0}
--- !u!1 &354689528229347455 stripped
GameObject:
  m_CorrespondingSourceObject: {fileID: -7152369722472823347, guid: bd492bf0c975b6444b06d4cbcd7f5bb4,
    type: 3}
  m_PrefabInstance: {fileID: 1752377026382579122}
  m_PrefabAsset: {fileID: 0}
--- !u!1 &1307976302585799665 stripped
GameObject:
  m_CorrespondingSourceObject: {fileID: -8469181712900315581, guid: bd492bf0c975b6444b06d4cbcd7f5bb4,
    type: 3}
  m_PrefabInstance: {fileID: 1752377026382579122}
  m_PrefabAsset: {fileID: 0}
--- !u!1 &2040725775748494674 stripped
GameObject:
  m_CorrespondingSourceObject: {fileID: -8934107187338399520, guid: bd492bf0c975b6444b06d4cbcd7f5bb4,
    type: 3}
  m_PrefabInstance: {fileID: 1752377026382579122}
  m_PrefabAsset: {fileID: 0}
--- !u!1 &7127674092654841737 stripped
GameObject:
  m_CorrespondingSourceObject: {fileID: 8843702203272432187, guid: bd492bf0c975b6444b06d4cbcd7f5bb4,
    type: 3}
  m_PrefabInstance: {fileID: 1752377026382579122}
  m_PrefabAsset: {fileID: 0}
