%YAML 1.1
%TAG !u! tag:unity3d.com,2011:
--- !u!1 &956186382455434491
GameObject:
  m_ObjectHideFlags: 0
  m_CorrespondingSourceObject: {fileID: 0}
  m_PrefabInstance: {fileID: 0}
  m_PrefabAsset: {fileID: 0}
  serializedVersion: 6
  m_Component:
  - component: {fileID: 4340298760971053916}
  - component: {fileID: 1093467509235603021}
  m_Layer: 9
  m_Name: se_LONGCHAIR_1625x1015
  m_TagString: Untagged
  m_Icon: {fileID: 0}
  m_NavMeshLayer: 0
  m_StaticEditorFlags: 0
  m_IsActive: 1
--- !u!4 &4340298760971053916
Transform:
  m_ObjectHideFlags: 0
  m_CorrespondingSourceObject: {fileID: 0}
  m_PrefabInstance: {fileID: 0}
  m_PrefabAsset: {fileID: 0}
  m_GameObject: {fileID: 956186382455434491}
  m_LocalRotation: {x: 0, y: 1, z: 0, w: 0}
  m_LocalPosition: {x: 0, y: 0, z: 0}
  m_LocalScale: {x: 1, y: 1, z: 1}
  m_Children:
  - {fileID: 187442782524005315}
  m_Father: {fileID: 0}
  m_RootOrder: 0
  m_LocalEulerAnglesHint: {x: 0, y: 180, z: 0}
--- !u!114 &1093467509235603021
MonoBehaviour:
  m_ObjectHideFlags: 0
  m_CorrespondingSourceObject: {fileID: 0}
  m_PrefabInstance: {fileID: 0}
  m_PrefabAsset: {fileID: 0}
  m_GameObject: {fileID: 956186382455434491}
  m_Enabled: 1
  m_EditorHideFlags: 0
  m_Script: {fileID: 11500000, guid: de305606890b87e42a58c187eba6fe10, type: 3}
  m_Name: 
  m_EditorClassIdentifier: 
  partName: Longchair
  partDescription: 
  partCategory: ottoman
  dimensions: {x: 1.0341644, y: 1.0177057, z: 1.6358259}
  image: {fileID: 21300000, guid: 3fe4ffc0188c83546b68ae6d176fa605, type: 3}
  type: 0
  partPoints:
  - {fileID: 2828630774993888047}
  canBeStandalone: 1
  sewingNames: []
  OnPartPointConnect:
    m_PersistentCalls:
      m_Calls: []
--- !u!114 &1977706699949784746
MonoBehaviour:
  m_ObjectHideFlags: 0
  m_CorrespondingSourceObject: {fileID: 0}
  m_PrefabInstance: {fileID: 0}
  m_PrefabAsset: {fileID: 0}
  m_GameObject: {fileID: 1519524348968126623}
  m_Enabled: 1
  m_EditorHideFlags: 0
  m_Script: {fileID: 11500000, guid: 816c52b73d7a1de4d8f07430f0420752, type: 3}
  m_Name: 
  m_EditorClassIdentifier: 
  partMeshType: legs
  setMaterialIndex: -1
  setMaterialIndex2: -1
--- !u!114 &2271997139233258619
MonoBehaviour:
  m_ObjectHideFlags: 0
  m_CorrespondingSourceObject: {fileID: 0}
  m_PrefabInstance: {fileID: 0}
  m_PrefabAsset: {fileID: 0}
  m_GameObject: {fileID: 4653112841200204190}
  m_Enabled: 1
  m_EditorHideFlags: 0
  m_Script: {fileID: 11500000, guid: 816c52b73d7a1de4d8f07430f0420752, type: 3}
  m_Name: 
  m_EditorClassIdentifier: 
  partMeshType: legs
  setMaterialIndex: -1
  setMaterialIndex2: -1
--- !u!114 &9164566018052581879
MonoBehaviour:
  m_ObjectHideFlags: 0
  m_CorrespondingSourceObject: {fileID: 0}
  m_PrefabInstance: {fileID: 0}
  m_PrefabAsset: {fileID: 0}
  m_GameObject: {fileID: 4748934281378995440}
  m_Enabled: 1
  m_EditorHideFlags: 0
  m_Script: {fileID: 11500000, guid: 816c52b73d7a1de4d8f07430f0420752, type: 3}
  m_Name: 
  m_EditorClassIdentifier: 
  partMeshType: legs
  setMaterialIndex: -1
  setMaterialIndex2: -1
--- !u!114 &2828630774993888047
MonoBehaviour:
  m_ObjectHideFlags: 0
  m_CorrespondingSourceObject: {fileID: 0}
  m_PrefabInstance: {fileID: 0}
  m_PrefabAsset: {fileID: 0}
  m_GameObject: {fileID: 5884438868106210891}
  m_Enabled: 1
  m_EditorHideFlags: 0
  m_Script: {fileID: 11500000, guid: 298df71d7d1c94f47a9df2b26686031c, type: 3}
  m_Name: 
  m_EditorClassIdentifier: 
  type: 0
  connection: l
  allowedCategories: []
  partPointGUI: {fileID: 0}
  activateOnDisconnect: []
  connectedTo: {fileID: 0}
  part: {fileID: 0}
--- !u!64 &4941377105486282597
MeshCollider:
  m_ObjectHideFlags: 0
  m_CorrespondingSourceObject: {fileID: 0}
  m_PrefabInstance: {fileID: 0}
  m_PrefabAsset: {fileID: 0}
  m_GameObject: {fileID: 6557742837640572665}
  m_Material: {fileID: 0}
  m_IsTrigger: 0
  m_Enabled: 1
  serializedVersion: 3
  m_Convex: 0
  m_CookingOptions: 14
  m_Mesh: {fileID: -1459929323107754714, guid: 158e7ee2560c7154e8a923ecc20077d2, type: 3}
--- !u!114 &8844631416932647832
MonoBehaviour:
  m_ObjectHideFlags: 0
  m_CorrespondingSourceObject: {fileID: 0}
  m_PrefabInstance: {fileID: 0}
  m_PrefabAsset: {fileID: 0}
  m_GameObject: {fileID: 6557742837640572665}
  m_Enabled: 1
  m_EditorHideFlags: 0
  m_Script: {fileID: 11500000, guid: 816c52b73d7a1de4d8f07430f0420752, type: 3}
  m_Name: 
  m_EditorClassIdentifier: 
  partMeshType: main
  setMaterialIndex: -1
  setMaterialIndex2: -1
--- !u!114 &4653745920154211351
MonoBehaviour:
  m_ObjectHideFlags: 0
  m_CorrespondingSourceObject: {fileID: 0}
  m_PrefabInstance: {fileID: 0}
  m_PrefabAsset: {fileID: 0}
  m_GameObject: {fileID: 8536285220501450026}
  m_Enabled: 1
  m_EditorHideFlags: 0
  m_Script: {fileID: 11500000, guid: 816c52b73d7a1de4d8f07430f0420752, type: 3}
  m_Name: 
  m_EditorClassIdentifier: 
  partMeshType: legs
  setMaterialIndex: -1
  setMaterialIndex2: -1
--- !u!114 &2383265487477813096
MonoBehaviour:
  m_ObjectHideFlags: 0
  m_CorrespondingSourceObject: {fileID: 0}
  m_PrefabInstance: {fileID: 0}
  m_PrefabAsset: {fileID: 0}
  m_GameObject: {fileID: 8552713104085580974}
  m_Enabled: 1
  m_EditorHideFlags: 0
  m_Script: {fileID: 11500000, guid: 816c52b73d7a1de4d8f07430f0420752, type: 3}
  m_Name: 
  m_EditorClassIdentifier: 
  partMeshType: legs
  setMaterialIndex: -1
  setMaterialIndex2: -1
--- !u!114 &6915582334286885749
MonoBehaviour:
  m_ObjectHideFlags: 0
  m_CorrespondingSourceObject: {fileID: 0}
  m_PrefabInstance: {fileID: 0}
  m_PrefabAsset: {fileID: 0}
  m_GameObject: {fileID: 8582650391084091158}
  m_Enabled: 1
  m_EditorHideFlags: 0
  m_Script: {fileID: 11500000, guid: 816c52b73d7a1de4d8f07430f0420752, type: 3}
  m_Name: 
  m_EditorClassIdentifier: 
  partMeshType: legs
  setMaterialIndex: -1
  setMaterialIndex2: -1
--- !u!64 &5141040221347664270
MeshCollider:
  m_ObjectHideFlags: 0
  m_CorrespondingSourceObject: {fileID: 0}
  m_PrefabInstance: {fileID: 0}
  m_PrefabAsset: {fileID: 0}
  m_GameObject: {fileID: 8902472812333294684}
  m_Material: {fileID: 0}
  m_IsTrigger: 0
  m_Enabled: 1
  serializedVersion: 3
  m_Convex: 0
  m_CookingOptions: 14
  m_Mesh: {fileID: -163410770719389131, guid: 158e7ee2560c7154e8a923ecc20077d2, type: 3}
--- !u!114 &611912361979640473
MonoBehaviour:
  m_ObjectHideFlags: 0
  m_CorrespondingSourceObject: {fileID: 0}
  m_PrefabInstance: {fileID: 0}
  m_PrefabAsset: {fileID: 0}
  m_GameObject: {fileID: 8902472812333294684}
  m_Enabled: 1
  m_EditorHideFlags: 0
  m_Script: {fileID: 11500000, guid: 816c52b73d7a1de4d8f07430f0420752, type: 3}
  m_Name: 
  m_EditorClassIdentifier: 
  partMeshType: main
  setMaterialIndex: -1
  setMaterialIndex2: -1
--- !u!1001 &5180084022798479577
PrefabInstance:
  m_ObjectHideFlags: 0
  serializedVersion: 2
  m_Modification:
    m_TransformParent: {fileID: 4340298760971053916}
    m_Modifications:
    - target: {fileID: -927199367670048503, guid: 158e7ee2560c7154e8a923ecc20077d2,
        type: 3}
      propertyPath: m_Name
      value: se_LONGCHAIR_1625x1015
      objectReference: {fileID: 0}
    - target: {fileID: -927199367670048503, guid: 158e7ee2560c7154e8a923ecc20077d2,
        type: 3}
      propertyPath: m_Layer
      value: 9
      objectReference: {fileID: 0}
    - target: {fileID: -8687312285361796793, guid: 158e7ee2560c7154e8a923ecc20077d2,
        type: 3}
      propertyPath: m_Layer
      value: 9
      objectReference: {fileID: 0}
    - target: {fileID: 1606345806358290066, guid: 158e7ee2560c7154e8a923ecc20077d2,
        type: 3}
      propertyPath: m_Layer
      value: 9
      objectReference: {fileID: 0}
    - target: {fileID: -5669453896053093257, guid: 158e7ee2560c7154e8a923ecc20077d2,
        type: 3}
      propertyPath: m_Layer
      value: 9
      objectReference: {fileID: 0}
    - target: {fileID: 3528827559313356751, guid: 158e7ee2560c7154e8a923ecc20077d2,
        type: 3}
      propertyPath: m_Layer
      value: 9
      objectReference: {fileID: 0}
    - target: {fileID: 5977743046049609798, guid: 158e7ee2560c7154e8a923ecc20077d2,
        type: 3}
      propertyPath: m_Layer
      value: 9
      objectReference: {fileID: 0}
    - target: {fileID: -8789689018421777367, guid: 158e7ee2560c7154e8a923ecc20077d2,
        type: 3}
      propertyPath: m_Layer
      value: 9
      objectReference: {fileID: 0}
    - target: {fileID: -5650433310158774797, guid: 158e7ee2560c7154e8a923ecc20077d2,
        type: 3}
      propertyPath: m_Layer
      value: 9
      objectReference: {fileID: 0}
    - target: {fileID: -7141984821815157216, guid: 158e7ee2560c7154e8a923ecc20077d2,
        type: 3}
      propertyPath: m_Layer
      value: 9
      objectReference: {fileID: 0}
    - target: {fileID: -7141984821815157216, guid: 158e7ee2560c7154e8a923ecc20077d2,
        type: 3}
      propertyPath: m_IsActive
      value: 1
      objectReference: {fileID: 0}
    - target: {fileID: -4870443838492732283, guid: 158e7ee2560c7154e8a923ecc20077d2,
        type: 3}
      propertyPath: m_Layer
      value: 9
      objectReference: {fileID: 0}
    - target: {fileID: -4870443838492732283, guid: 158e7ee2560c7154e8a923ecc20077d2,
        type: 3}
      propertyPath: m_IsActive
      value: 0
      objectReference: {fileID: 0}
    - target: {fileID: -4216859302048453862, guid: 158e7ee2560c7154e8a923ecc20077d2,
        type: 3}
      propertyPath: m_LocalPosition.x
      value: 0
      objectReference: {fileID: 0}
    - target: {fileID: -4216859302048453862, guid: 158e7ee2560c7154e8a923ecc20077d2,
        type: 3}
      propertyPath: m_LocalPosition.y
      value: 0
      objectReference: {fileID: 0}
    - target: {fileID: -4216859302048453862, guid: 158e7ee2560c7154e8a923ecc20077d2,
        type: 3}
      propertyPath: m_LocalPosition.z
      value: 0
      objectReference: {fileID: 0}
    - target: {fileID: -4216859302048453862, guid: 158e7ee2560c7154e8a923ecc20077d2,
        type: 3}
      propertyPath: m_LocalRotation.x
      value: 0
      objectReference: {fileID: 0}
    - target: {fileID: -4216859302048453862, guid: 158e7ee2560c7154e8a923ecc20077d2,
        type: 3}
      propertyPath: m_LocalRotation.y
      value: 0
      objectReference: {fileID: 0}
    - target: {fileID: -4216859302048453862, guid: 158e7ee2560c7154e8a923ecc20077d2,
        type: 3}
      propertyPath: m_LocalRotation.z
      value: 0
      objectReference: {fileID: 0}
    - target: {fileID: -4216859302048453862, guid: 158e7ee2560c7154e8a923ecc20077d2,
        type: 3}
      propertyPath: m_LocalRotation.w
      value: 1
      objectReference: {fileID: 0}
    - target: {fileID: -4216859302048453862, guid: 158e7ee2560c7154e8a923ecc20077d2,
        type: 3}
      propertyPath: m_RootOrder
      value: 0
      objectReference: {fileID: 0}
    - target: {fileID: -4216859302048453862, guid: 158e7ee2560c7154e8a923ecc20077d2,
        type: 3}
      propertyPath: m_LocalEulerAnglesHint.x
      value: 0
      objectReference: {fileID: 0}
    - target: {fileID: -4216859302048453862, guid: 158e7ee2560c7154e8a923ecc20077d2,
        type: 3}
      propertyPath: m_LocalEulerAnglesHint.y
      value: 0
      objectReference: {fileID: 0}
    - target: {fileID: -4216859302048453862, guid: 158e7ee2560c7154e8a923ecc20077d2,
        type: 3}
      propertyPath: m_LocalEulerAnglesHint.z
      value: 0
      objectReference: {fileID: 0}
    - target: {fileID: -4214552045136013546, guid: 158e7ee2560c7154e8a923ecc20077d2,
        type: 3}
      propertyPath: m_Materials.Array.data[0]
      value: 
      objectReference: {fileID: 2100000, guid: ef0a40ef0c4155445bab600761bd9a08, type: 2}
    - target: {fileID: -1984664151783968844, guid: 158e7ee2560c7154e8a923ecc20077d2,
        type: 3}
      propertyPath: m_Materials.Array.data[0]
      value: 
      objectReference: {fileID: 2100000, guid: ef0a40ef0c4155445bab600761bd9a08, type: 2}
    - target: {fileID: -1322431563367258959, guid: 158e7ee2560c7154e8a923ecc20077d2,
        type: 3}
      propertyPath: m_Materials.Array.data[0]
      value: 
      objectReference: {fileID: 2100000, guid: 6b9605a1c3ac62c4b89b4c27c04dd5b4, type: 2}
    - target: {fileID: -1322431563367258959, guid: 158e7ee2560c7154e8a923ecc20077d2,
        type: 3}
      propertyPath: m_Materials.Array.data[1]
      value: 
      objectReference: {fileID: -5635484798206224817, guid: 22cf78183a7907848bb255fdf8daba20,
        type: 3}
    - target: {fileID: 874145833361995828, guid: 158e7ee2560c7154e8a923ecc20077d2,
        type: 3}
      propertyPath: m_Materials.Array.data[0]
      value: 
      objectReference: {fileID: 2100000, guid: ef0a40ef0c4155445bab600761bd9a08, type: 2}
    - target: {fileID: 874145833361995828, guid: 158e7ee2560c7154e8a923ecc20077d2,
        type: 3}
      propertyPath: m_Materials.Array.data[1]
      value: 
      objectReference: {fileID: 2100000, guid: ef0a40ef0c4155445bab600761bd9a08, type: 2}
    - target: {fileID: 3879505339612432954, guid: 158e7ee2560c7154e8a923ecc20077d2,
        type: 3}
      propertyPath: m_Materials.Array.data[0]
      value: 
      objectReference: {fileID: 2100000, guid: ef0a40ef0c4155445bab600761bd9a08, type: 2}
    - target: {fileID: 4387827183507285307, guid: 158e7ee2560c7154e8a923ecc20077d2,
        type: 3}
      propertyPath: m_Materials.Array.data[0]
      value: 
      objectReference: {fileID: 2100000, guid: ef0a40ef0c4155445bab600761bd9a08, type: 2}
    - target: {fileID: -5109187841891221486, guid: 158e7ee2560c7154e8a923ecc20077d2,
        type: 3}
      propertyPath: m_Materials.Array.data[0]
      value: 
      objectReference: {fileID: 2100000, guid: ef0a40ef0c4155445bab600761bd9a08, type: 2}
    m_RemovedComponents: []
  m_SourcePrefab: {fileID: 100100000, guid: 158e7ee2560c7154e8a923ecc20077d2, type: 3}
--- !u!4 &187442782524005315 stripped
Transform:
  m_CorrespondingSourceObject: {fileID: -4216859302048453862, guid: 158e7ee2560c7154e8a923ecc20077d2,
    type: 3}
  m_PrefabInstance: {fileID: 5180084022798479577}
  m_PrefabAsset: {fileID: 0}
--- !u!1 &4653112841200204190 stripped
GameObject:
  m_CorrespondingSourceObject: {fileID: -8687312285361796793, guid: 158e7ee2560c7154e8a923ecc20077d2,
    type: 3}
  m_PrefabInstance: {fileID: 5180084022798479577}
  m_PrefabAsset: {fileID: 0}
--- !u!1 &5884438868106210891 stripped
GameObject:
  m_CorrespondingSourceObject: {fileID: 1606345806358290066, guid: 158e7ee2560c7154e8a923ecc20077d2,
    type: 3}
  m_PrefabInstance: {fileID: 5180084022798479577}
  m_PrefabAsset: {fileID: 0}
--- !u!1 &8552713104085580974 stripped
GameObject:
  m_CorrespondingSourceObject: {fileID: -5669453896053093257, guid: 158e7ee2560c7154e8a923ecc20077d2,
    type: 3}
  m_PrefabInstance: {fileID: 5180084022798479577}
  m_PrefabAsset: {fileID: 0}
--- !u!1 &8582650391084091158 stripped
GameObject:
  m_CorrespondingSourceObject: {fileID: 3528827559313356751, guid: 158e7ee2560c7154e8a923ecc20077d2,
    type: 3}
  m_PrefabInstance: {fileID: 5180084022798479577}
  m_PrefabAsset: {fileID: 0}
--- !u!1 &1519524348968126623 stripped
GameObject:
  m_CorrespondingSourceObject: {fileID: 5977743046049609798, guid: 158e7ee2560c7154e8a923ecc20077d2,
    type: 3}
  m_PrefabInstance: {fileID: 5180084022798479577}
  m_PrefabAsset: {fileID: 0}
--- !u!1 &4748934281378995440 stripped
GameObject:
  m_CorrespondingSourceObject: {fileID: -8789689018421777367, guid: 158e7ee2560c7154e8a923ecc20077d2,
    type: 3}
  m_PrefabInstance: {fileID: 5180084022798479577}
  m_PrefabAsset: {fileID: 0}
--- !u!1 &8536285220501450026 stripped
GameObject:
  m_CorrespondingSourceObject: {fileID: -5650433310158774797, guid: 158e7ee2560c7154e8a923ecc20077d2,
    type: 3}
  m_PrefabInstance: {fileID: 5180084022798479577}
  m_PrefabAsset: {fileID: 0}
--- !u!1 &6557742837640572665 stripped
GameObject:
  m_CorrespondingSourceObject: {fileID: -7141984821815157216, guid: 158e7ee2560c7154e8a923ecc20077d2,
    type: 3}
  m_PrefabInstance: {fileID: 5180084022798479577}
  m_PrefabAsset: {fileID: 0}
--- !u!1 &8902472812333294684 stripped
GameObject:
  m_CorrespondingSourceObject: {fileID: -4870443838492732283, guid: 158e7ee2560c7154e8a923ecc20077d2,
    type: 3}
  m_PrefabInstance: {fileID: 5180084022798479577}
  m_PrefabAsset: {fileID: 0}
