%YAML 1.1
%TAG !u! tag:unity3d.com,2011:
--- !u!64 &2738941977464429242
MeshCollider:
  m_ObjectHideFlags: 0
  m_CorrespondingSourceObject: {fileID: 0}
  m_PrefabInstance: {fileID: 0}
  m_PrefabAsset: {fileID: 0}
  m_GameObject: {fileID: 67772257959945912}
  m_Material: {fileID: 0}
  m_IsTrigger: 0
  m_Enabled: 1
  serializedVersion: 3
  m_Convex: 0
  m_CookingOptions: 14
  m_Mesh: {fileID: 5744242673684452476, guid: 49cb823cef0f2e44c8cdb64d43c875ab, type: 3}
--- !u!114 &334714382029326465
MonoBehaviour:
  m_ObjectHideFlags: 0
  m_CorrespondingSourceObject: {fileID: 0}
  m_PrefabInstance: {fileID: 0}
  m_PrefabAsset: {fileID: 0}
  m_GameObject: {fileID: 67772257959945912}
  m_Enabled: 1
  m_EditorHideFlags: 0
  m_Script: {fileID: 11500000, guid: 1030b2116dfab9343be14c0d0839ab5e, type: 3}
  m_Name: 
  m_EditorClassIdentifier: 
  ActivateObject: {fileID: 1896795518971379562}
  deactivateOnStart: 0
  DeactivateObjectInsteadOfThis: {fileID: 0}
--- !u!114 &6200709410933253423
MonoBehaviour:
  m_ObjectHideFlags: 0
  m_CorrespondingSourceObject: {fileID: 0}
  m_PrefabInstance: {fileID: 0}
  m_PrefabAsset: {fileID: 0}
  m_GameObject: {fileID: 67772257959945912}
  m_Enabled: 1
  m_EditorHideFlags: 0
  m_Script: {fileID: 11500000, guid: 816c52b73d7a1de4d8f07430f0420752, type: 3}
  m_Name: 
  m_EditorClassIdentifier: 
  partMeshType: main
  setMaterialIndex: -1
  setMaterialIndex2: -1
--- !u!64 &6447233642891016409
MeshCollider:
  m_ObjectHideFlags: 0
  m_CorrespondingSourceObject: {fileID: 0}
  m_PrefabInstance: {fileID: 0}
  m_PrefabAsset: {fileID: 0}
  m_GameObject: {fileID: 1045191798159881513}
  m_Material: {fileID: 0}
  m_IsTrigger: 0
  m_Enabled: 1
  serializedVersion: 3
  m_Convex: 0
  m_CookingOptions: 14
  m_Mesh: {fileID: 8042680283641704254, guid: 49cb823cef0f2e44c8cdb64d43c875ab, type: 3}
--- !u!114 &2998327603092990264
MonoBehaviour:
  m_ObjectHideFlags: 0
  m_CorrespondingSourceObject: {fileID: 0}
  m_PrefabInstance: {fileID: 0}
  m_PrefabAsset: {fileID: 0}
  m_GameObject: {fileID: 1045191798159881513}
  m_Enabled: 1
  m_EditorHideFlags: 0
  m_Script: {fileID: 11500000, guid: 816c52b73d7a1de4d8f07430f0420752, type: 3}
  m_Name: 
  m_EditorClassIdentifier: 
  partMeshType: main
  setMaterialIndex: -1
  setMaterialIndex2: -1
--- !u!114 &6574427771974308447
MonoBehaviour:
  m_ObjectHideFlags: 0
  m_CorrespondingSourceObject: {fileID: 0}
  m_PrefabInstance: {fileID: 0}
  m_PrefabAsset: {fileID: 0}
  m_GameObject: {fileID: 1045191798159881513}
  m_Enabled: 1
  m_EditorHideFlags: 0
  m_Script: {fileID: 11500000, guid: 1030b2116dfab9343be14c0d0839ab5e, type: 3}
  m_Name: 
  m_EditorClassIdentifier: 
  ActivateObject: {fileID: 6415022412364575498}
  deactivateOnStart: 0
  DeactivateObjectInsteadOfThis: {fileID: 0}
--- !u!1 &1765286231709688869
GameObject:
  m_ObjectHideFlags: 0
  m_CorrespondingSourceObject: {fileID: 0}
  m_PrefabInstance: {fileID: 0}
  m_PrefabAsset: {fileID: 0}
  serializedVersion: 6
  m_Component:
  - component: {fileID: 5729261118266923616}
  - component: {fileID: 3974860047145226347}
  m_Layer: 9
  m_Name: Taburet
  m_TagString: Untagged
  m_Icon: {fileID: 0}
  m_NavMeshLayer: 0
  m_StaticEditorFlags: 0
  m_IsActive: 1
--- !u!4 &5729261118266923616
Transform:
  m_ObjectHideFlags: 0
  m_CorrespondingSourceObject: {fileID: 0}
  m_PrefabInstance: {fileID: 0}
  m_PrefabAsset: {fileID: 0}
  m_GameObject: {fileID: 1765286231709688869}
  m_LocalRotation: {x: 0.000000021855694, y: -0, z: -0, w: 1}
  m_LocalPosition: {x: 0, y: 0, z: 1.5}
  m_LocalScale: {x: 1, y: 1, z: 1}
  m_Children: []
  m_Father: {fileID: 6754471959222868823}
  m_RootOrder: 1
  m_LocalEulerAnglesHint: {x: 0, y: 0, z: 0}
--- !u!114 &3974860047145226347
MonoBehaviour:
  m_ObjectHideFlags: 0
  m_CorrespondingSourceObject: {fileID: 0}
  m_PrefabInstance: {fileID: 0}
  m_PrefabAsset: {fileID: 0}
  m_GameObject: {fileID: 1765286231709688869}
  m_Enabled: 1
  m_EditorHideFlags: 0
  m_Script: {fileID: 11500000, guid: 298df71d7d1c94f47a9df2b26686031c, type: 3}
  m_Name: 
  m_EditorClassIdentifier: 
  type: 2
  connection: l
  allowedCategories: []
  disallowedCategories: []
  partPointGUI: {fileID: 0}
  activateOnDisconnect: []
  connectedTo: {fileID: 0}
  part: {fileID: 0}
--- !u!64 &7748840707713889673
MeshCollider:
  m_ObjectHideFlags: 0
  m_CorrespondingSourceObject: {fileID: 0}
  m_PrefabInstance: {fileID: 0}
  m_PrefabAsset: {fileID: 0}
  m_GameObject: {fileID: 1896795518971379562}
  m_Material: {fileID: 0}
  m_IsTrigger: 0
  m_Enabled: 1
  serializedVersion: 3
  m_Convex: 0
  m_CookingOptions: 14
  m_Mesh: {fileID: 3179089809841262802, guid: 49cb823cef0f2e44c8cdb64d43c875ab, type: 3}
--- !u!114 &1494030682652337595
MonoBehaviour:
  m_ObjectHideFlags: 0
  m_CorrespondingSourceObject: {fileID: 0}
  m_PrefabInstance: {fileID: 0}
  m_PrefabAsset: {fileID: 0}
  m_GameObject: {fileID: 1896795518971379562}
  m_Enabled: 1
  m_EditorHideFlags: 0
  m_Script: {fileID: 11500000, guid: 816c52b73d7a1de4d8f07430f0420752, type: 3}
  m_Name: 
  m_EditorClassIdentifier: 
  partMeshType: main
  setMaterialIndex: -1
  setMaterialIndex2: -1
--- !u!114 &6747277010360028680
MonoBehaviour:
  m_ObjectHideFlags: 0
  m_CorrespondingSourceObject: {fileID: 0}
  m_PrefabInstance: {fileID: 0}
  m_PrefabAsset: {fileID: 0}
  m_GameObject: {fileID: 1896795518971379562}
  m_Enabled: 1
  m_EditorHideFlags: 0
  m_Script: {fileID: 11500000, guid: 1030b2116dfab9343be14c0d0839ab5e, type: 3}
  m_Name: 
  m_EditorClassIdentifier: 
  ActivateObject: {fileID: 67772257959945912}
  deactivateOnStart: 0
  DeactivateObjectInsteadOfThis: {fileID: 0}
--- !u!64 &762616028158945524
MeshCollider:
  m_ObjectHideFlags: 0
  m_CorrespondingSourceObject: {fileID: 0}
  m_PrefabInstance: {fileID: 0}
  m_PrefabAsset: {fileID: 0}
  m_GameObject: {fileID: 2256128924686373561}
  m_Material: {fileID: 0}
  m_IsTrigger: 0
  m_Enabled: 1
  serializedVersion: 3
  m_Convex: 0
  m_CookingOptions: 14
  m_Mesh: {fileID: -3384144593426779266, guid: 49cb823cef0f2e44c8cdb64d43c875ab, type: 3}
--- !u!114 &2396614207034522565
MonoBehaviour:
  m_ObjectHideFlags: 0
  m_CorrespondingSourceObject: {fileID: 0}
  m_PrefabInstance: {fileID: 0}
  m_PrefabAsset: {fileID: 0}
  m_GameObject: {fileID: 2256128924686373561}
  m_Enabled: 1
  m_EditorHideFlags: 0
  m_Script: {fileID: 11500000, guid: 2f11a63034e0d8d459375fc42ff58867, type: 3}
  m_Name: 
  m_EditorClassIdentifier: 
--- !u!114 &6032931419713690249
MonoBehaviour:
  m_ObjectHideFlags: 0
  m_CorrespondingSourceObject: {fileID: 0}
  m_PrefabInstance: {fileID: 0}
  m_PrefabAsset: {fileID: 0}
  m_GameObject: {fileID: 2256128924686373561}
  m_Enabled: 1
  m_EditorHideFlags: 0
  m_Script: {fileID: 11500000, guid: 816c52b73d7a1de4d8f07430f0420752, type: 3}
  m_Name: 
  m_EditorClassIdentifier: 
  partMeshType: main
  setMaterialIndex: -1
  setMaterialIndex2: -1
--- !u!114 &8941708996357350044
MonoBehaviour:
  m_ObjectHideFlags: 0
  m_CorrespondingSourceObject: {fileID: 0}
  m_PrefabInstance: {fileID: 0}
  m_PrefabAsset: {fileID: 0}
  m_GameObject: {fileID: 2256128924686373561}
  m_Enabled: 1
  m_EditorHideFlags: 0
  m_Script: {fileID: 11500000, guid: 1030b2116dfab9343be14c0d0839ab5e, type: 3}
  m_Name: 
  m_EditorClassIdentifier: 
  ActivateObject: {fileID: 5853170862206399362}
  deactivateOnStart: 0
  DeactivateObjectInsteadOfThis: {fileID: 0}
--- !u!114 &924847525596460228
MonoBehaviour:
  m_ObjectHideFlags: 0
  m_CorrespondingSourceObject: {fileID: 0}
  m_PrefabInstance: {fileID: 0}
  m_PrefabAsset: {fileID: 0}
  m_GameObject: {fileID: 2256128924686373561}
  m_Enabled: 1
  m_EditorHideFlags: 0
  m_Script: {fileID: 11500000, guid: b9199d968a43dca4e83a028935e31c32, type: 3}
  m_Name: 
  m_EditorClassIdentifier: 
  partType: 2
  enable: 0
--- !u!114 &3132096994244059626
MonoBehaviour:
  m_ObjectHideFlags: 0
  m_CorrespondingSourceObject: {fileID: 0}
  m_PrefabInstance: {fileID: 0}
  m_PrefabAsset: {fileID: 0}
  m_GameObject: {fileID: 4482316144495531086}
  m_Enabled: 1
  m_EditorHideFlags: 0
  m_Script: {fileID: 11500000, guid: 298df71d7d1c94f47a9df2b26686031c, type: 3}
  m_Name: 
  m_EditorClassIdentifier: 
  type: 0
  connection: r
  allowedCategories: []
  disallowedCategories: []
  partPointGUI: {fileID: 0}
  activateOnDisconnect:
  - {fileID: 107113003294005111}
  - {fileID: 5999490000880110459}
  connectedTo: {fileID: 0}
  part: {fileID: 0}
--- !u!64 &6497359502300702751
MeshCollider:
  m_ObjectHideFlags: 0
  m_CorrespondingSourceObject: {fileID: 0}
  m_PrefabInstance: {fileID: 0}
  m_PrefabAsset: {fileID: 0}
  m_GameObject: {fileID: 4587270898838268925}
  m_Material: {fileID: 0}
  m_IsTrigger: 0
  m_Enabled: 1
  serializedVersion: 3
  m_Convex: 0
  m_CookingOptions: 14
  m_Mesh: {fileID: 3201957959151746619, guid: 49cb823cef0f2e44c8cdb64d43c875ab, type: 3}
--- !u!114 &6047785001858014769
MonoBehaviour:
  m_ObjectHideFlags: 0
  m_CorrespondingSourceObject: {fileID: 0}
  m_PrefabInstance: {fileID: 0}
  m_PrefabAsset: {fileID: 0}
  m_GameObject: {fileID: 4587270898838268925}
  m_Enabled: 1
  m_EditorHideFlags: 0
  m_Script: {fileID: 11500000, guid: 816c52b73d7a1de4d8f07430f0420752, type: 3}
  m_Name: 
  m_EditorClassIdentifier: 
  partMeshType: main
  setMaterialIndex: -1
  setMaterialIndex2: -1
--- !u!64 &446944546174843387
MeshCollider:
  m_ObjectHideFlags: 0
  m_CorrespondingSourceObject: {fileID: 0}
  m_PrefabInstance: {fileID: 0}
  m_PrefabAsset: {fileID: 0}
  m_GameObject: {fileID: 5853170862206399362}
  m_Material: {fileID: 0}
  m_IsTrigger: 0
  m_Enabled: 1
  serializedVersion: 3
  m_Convex: 0
  m_CookingOptions: 14
  m_Mesh: {fileID: 8253395221326867980, guid: 49cb823cef0f2e44c8cdb64d43c875ab, type: 3}
--- !u!114 &2149789574565501997
MonoBehaviour:
  m_ObjectHideFlags: 0
  m_CorrespondingSourceObject: {fileID: 0}
  m_PrefabInstance: {fileID: 0}
  m_PrefabAsset: {fileID: 0}
  m_GameObject: {fileID: 5853170862206399362}
  m_Enabled: 1
  m_EditorHideFlags: 0
  m_Script: {fileID: 11500000, guid: 1030b2116dfab9343be14c0d0839ab5e, type: 3}
  m_Name: 
  m_EditorClassIdentifier: 
  ActivateObject: {fileID: 2256128924686373561}
  deactivateOnStart: 0
  DeactivateObjectInsteadOfThis: {fileID: 0}
--- !u!114 &6596267387409458283
MonoBehaviour:
  m_ObjectHideFlags: 0
  m_CorrespondingSourceObject: {fileID: 0}
  m_PrefabInstance: {fileID: 0}
  m_PrefabAsset: {fileID: 0}
  m_GameObject: {fileID: 5853170862206399362}
  m_Enabled: 1
  m_EditorHideFlags: 0
  m_Script: {fileID: 11500000, guid: 816c52b73d7a1de4d8f07430f0420752, type: 3}
  m_Name: 
  m_EditorClassIdentifier: 
  partMeshType: main2
  setMaterialIndex: -1
  setMaterialIndex2: -1
--- !u!64 &1097759160426853620
MeshCollider:
  m_ObjectHideFlags: 0
  m_CorrespondingSourceObject: {fileID: 0}
  m_PrefabInstance: {fileID: 0}
  m_PrefabAsset: {fileID: 0}
  m_GameObject: {fileID: 6415022412364575498}
  m_Material: {fileID: 0}
  m_IsTrigger: 0
  m_Enabled: 1
  serializedVersion: 3
  m_Convex: 0
  m_CookingOptions: 14
  m_Mesh: {fileID: 8723813400054981822, guid: 49cb823cef0f2e44c8cdb64d43c875ab, type: 3}
--- !u!114 &1819773041099542418
MonoBehaviour:
  m_ObjectHideFlags: 0
  m_CorrespondingSourceObject: {fileID: 0}
  m_PrefabInstance: {fileID: 0}
  m_PrefabAsset: {fileID: 0}
  m_GameObject: {fileID: 6415022412364575498}
  m_Enabled: 1
  m_EditorHideFlags: 0
  m_Script: {fileID: 11500000, guid: 1030b2116dfab9343be14c0d0839ab5e, type: 3}
  m_Name: 
  m_EditorClassIdentifier: 
  ActivateObject: {fileID: 1045191798159881513}
  deactivateOnStart: 0
  DeactivateObjectInsteadOfThis: {fileID: 0}
--- !u!114 &3989912213269016477
MonoBehaviour:
  m_ObjectHideFlags: 0
  m_CorrespondingSourceObject: {fileID: 0}
  m_PrefabInstance: {fileID: 0}
  m_PrefabAsset: {fileID: 0}
  m_GameObject: {fileID: 6415022412364575498}
  m_Enabled: 1
  m_EditorHideFlags: 0
  m_Script: {fileID: 11500000, guid: 816c52b73d7a1de4d8f07430f0420752, type: 3}
  m_Name: 
  m_EditorClassIdentifier: 
  partMeshType: main
  setMaterialIndex: -1
  setMaterialIndex2: -1
--- !u!114 &545096713937679324
MonoBehaviour:
  m_ObjectHideFlags: 0
  m_CorrespondingSourceObject: {fileID: 0}
  m_PrefabInstance: {fileID: 0}
  m_PrefabAsset: {fileID: 0}
  m_GameObject: {fileID: 6550689158654338044}
  m_Enabled: 1
  m_EditorHideFlags: 0
  m_Script: {fileID: 11500000, guid: 298df71d7d1c94f47a9df2b26686031c, type: 3}
  m_Name: 
  m_EditorClassIdentifier: 
  type: 0
  connection: l
  allowedCategories: []
  disallowedCategories: []
  partPointGUI: {fileID: 0}
  activateOnDisconnect:
  - {fileID: 4933208615993375312}
  - {fileID: 1252000451218085706}
  connectedTo: {fileID: 0}
  part: {fileID: 0}
--- !u!114 &5915365434602836252
MonoBehaviour:
  m_ObjectHideFlags: 0
  m_CorrespondingSourceObject: {fileID: 0}
  m_PrefabInstance: {fileID: 0}
  m_PrefabAsset: {fileID: 0}
  m_GameObject: {fileID: 7087534455615274148}
  m_Enabled: 1
  m_EditorHideFlags: 0
  m_Script: {fileID: 11500000, guid: 816c52b73d7a1de4d8f07430f0420752, type: 3}
  m_Name: 
  m_EditorClassIdentifier: 
  partMeshType: legs
  setMaterialIndex: -1
  setMaterialIndex2: -1
--- !u!114 &2924862970979854449
MonoBehaviour:
  m_ObjectHideFlags: 0
  m_CorrespondingSourceObject: {fileID: 0}
  m_PrefabInstance: {fileID: 0}
  m_PrefabAsset: {fileID: 0}
  m_GameObject: {fileID: 7087534455615274148}
  m_Enabled: 1
  m_EditorHideFlags: 0
  m_Script: {fileID: 11500000, guid: b9199d968a43dca4e83a028935e31c32, type: 3}
  m_Name: 
  m_EditorClassIdentifier: 
  partType: 2
  enable: 0
--- !u!64 &6198746545769580717
MeshCollider:
  m_ObjectHideFlags: 0
  m_CorrespondingSourceObject: {fileID: 0}
  m_PrefabInstance: {fileID: 0}
  m_PrefabAsset: {fileID: 0}
  m_GameObject: {fileID: 7773176069641874985}
  m_Material: {fileID: 0}
  m_IsTrigger: 0
  m_Enabled: 1
  serializedVersion: 3
  m_Convex: 0
  m_CookingOptions: 14
  m_Mesh: {fileID: -5033165498386973612, guid: 49cb823cef0f2e44c8cdb64d43c875ab, type: 3}
--- !u!114 &1114675582240192338
MonoBehaviour:
  m_ObjectHideFlags: 0
  m_CorrespondingSourceObject: {fileID: 0}
  m_PrefabInstance: {fileID: 0}
  m_PrefabAsset: {fileID: 0}
  m_GameObject: {fileID: 7773176069641874985}
  m_Enabled: 1
  m_EditorHideFlags: 0
  m_Script: {fileID: 11500000, guid: 816c52b73d7a1de4d8f07430f0420752, type: 3}
  m_Name: 
  m_EditorClassIdentifier: 
  partMeshType: main2
  setMaterialIndex: -1
  setMaterialIndex2: -1
--- !u!1 &7913728756042086200
GameObject:
  m_ObjectHideFlags: 0
  m_CorrespondingSourceObject: {fileID: 0}
  m_PrefabInstance: {fileID: 0}
  m_PrefabAsset: {fileID: 0}
  serializedVersion: 6
  m_Component:
  - component: {fileID: 6754471959222868823}
  - component: {fileID: 4234910992567310859}
  m_Layer: 9
  m_Name: Pavla_P2
  m_TagString: Untagged
  m_Icon: {fileID: 0}
  m_NavMeshLayer: 0
  m_StaticEditorFlags: 0
  m_IsActive: 1
--- !u!4 &6754471959222868823
Transform:
  m_ObjectHideFlags: 0
  m_CorrespondingSourceObject: {fileID: 0}
  m_PrefabInstance: {fileID: 0}
  m_PrefabAsset: {fileID: 0}
  m_GameObject: {fileID: 7913728756042086200}
  m_LocalRotation: {x: 0, y: 1, z: 0, w: 0}
  m_LocalPosition: {x: 0, y: 0, z: 0}
  m_LocalScale: {x: 1, y: 1, z: 1}
  m_Children:
  - {fileID: 420532125905342596}
  - {fileID: 5729261118266923616}
  m_Father: {fileID: 0}
  m_RootOrder: 0
  m_LocalEulerAnglesHint: {x: 0, y: 180, z: 0}
--- !u!114 &4234910992567310859
MonoBehaviour:
  m_ObjectHideFlags: 0
  m_CorrespondingSourceObject: {fileID: 0}
  m_PrefabInstance: {fileID: 0}
  m_PrefabAsset: {fileID: 0}
  m_GameObject: {fileID: 7913728756042086200}
  m_Enabled: 1
  m_EditorHideFlags: 0
  m_Script: {fileID: 11500000, guid: de305606890b87e42a58c187eba6fe10, type: 3}
  m_Name: 
  m_EditorClassIdentifier: 
  partName: P2UBP
  partNameCombinations:
  - connectedToParts:
    - {fileID: 427758300439447333, guid: 5aee6baec85b7a44398a84c360368fa3, type: 3}
    partName: P2L
  - connectedToParts:
    - {fileID: 427758300439447333, guid: b461df9e0cbbc774aadee2e8070d13f5, type: 3}
    partName: P2P
  partDescription: 
  partCategory: universal
  includeInDimensions: 1
  dimensions: {x: 1.1199999, y: 1.1145425, z: 1.205345}
  image: {fileID: 21300000, guid: d87bbc3bfc7e2a0479653671e6492646, type: 3}
  type: 0
  partPoints:
  - {fileID: 545096713937679324}
  - {fileID: 3132096994244059626}
  - {fileID: 3974860047145226347}
  canBeStandalone: 1
  sewingNames: []
  OnPartPointConnect:
    m_PersistentCalls:
      m_Calls: []
--- !u!64 &3083619606926978140
MeshCollider:
  m_ObjectHideFlags: 0
  m_CorrespondingSourceObject: {fileID: 0}
  m_PrefabInstance: {fileID: 0}
  m_PrefabAsset: {fileID: 0}
  m_GameObject: {fileID: 8417213081715327193}
  m_Material: {fileID: 0}
  m_IsTrigger: 0
  m_Enabled: 1
  serializedVersion: 3
  m_Convex: 0
  m_CookingOptions: 14
  m_Mesh: {fileID: 1045477543481020894, guid: 49cb823cef0f2e44c8cdb64d43c875ab, type: 3}
--- !u!114 &5100622119170871956
MonoBehaviour:
  m_ObjectHideFlags: 0
  m_CorrespondingSourceObject: {fileID: 0}
  m_PrefabInstance: {fileID: 0}
  m_PrefabAsset: {fileID: 0}
  m_GameObject: {fileID: 8417213081715327193}
  m_Enabled: 1
  m_EditorHideFlags: 0
  m_Script: {fileID: 11500000, guid: 816c52b73d7a1de4d8f07430f0420752, type: 3}
  m_Name: 
  m_EditorClassIdentifier: 
  partMeshType: main
  setMaterialIndex: -1
  setMaterialIndex2: -1
--- !u!1001 &4660297021136305054
PrefabInstance:
  m_ObjectHideFlags: 0
  serializedVersion: 2
  m_Modification:
    m_TransformParent: {fileID: 6754471959222868823}
    m_Modifications:
    - target: {fileID: -927199367670048503, guid: 49cb823cef0f2e44c8cdb64d43c875ab,
        type: 3}
      propertyPath: m_Name
      value: Pavla_P2
      objectReference: {fileID: 0}
    - target: {fileID: -927199367670048503, guid: 49cb823cef0f2e44c8cdb64d43c875ab,
        type: 3}
      propertyPath: m_Layer
      value: 9
      objectReference: {fileID: 0}
    - target: {fileID: -101100386382483504, guid: 49cb823cef0f2e44c8cdb64d43c875ab,
        type: 3}
      propertyPath: m_Layer
      value: 9
      objectReference: {fileID: 0}
    - target: {fileID: -7330722859658258334, guid: 49cb823cef0f2e44c8cdb64d43c875ab,
        type: 3}
      propertyPath: m_Layer
      value: 9
      objectReference: {fileID: 0}
    - target: {fileID: -4216859302048453862, guid: 49cb823cef0f2e44c8cdb64d43c875ab,
        type: 3}
      propertyPath: m_LocalPosition.x
      value: -0
      objectReference: {fileID: 0}
    - target: {fileID: -4216859302048453862, guid: 49cb823cef0f2e44c8cdb64d43c875ab,
        type: 3}
      propertyPath: m_LocalPosition.y
      value: 0
      objectReference: {fileID: 0}
    - target: {fileID: -4216859302048453862, guid: 49cb823cef0f2e44c8cdb64d43c875ab,
        type: 3}
      propertyPath: m_LocalPosition.z
      value: 0
      objectReference: {fileID: 0}
    - target: {fileID: -4216859302048453862, guid: 49cb823cef0f2e44c8cdb64d43c875ab,
        type: 3}
      propertyPath: m_LocalRotation.x
      value: 0.000000021855694
      objectReference: {fileID: 0}
    - target: {fileID: -4216859302048453862, guid: 49cb823cef0f2e44c8cdb64d43c875ab,
        type: 3}
      propertyPath: m_LocalRotation.y
      value: 0
      objectReference: {fileID: 0}
    - target: {fileID: -4216859302048453862, guid: 49cb823cef0f2e44c8cdb64d43c875ab,
        type: 3}
      propertyPath: m_LocalRotation.z
      value: -0
      objectReference: {fileID: 0}
    - target: {fileID: -4216859302048453862, guid: 49cb823cef0f2e44c8cdb64d43c875ab,
        type: 3}
      propertyPath: m_LocalRotation.w
      value: 1
      objectReference: {fileID: 0}
    - target: {fileID: -4216859302048453862, guid: 49cb823cef0f2e44c8cdb64d43c875ab,
        type: 3}
      propertyPath: m_RootOrder
      value: 0
      objectReference: {fileID: 0}
    - target: {fileID: -4216859302048453862, guid: 49cb823cef0f2e44c8cdb64d43c875ab,
        type: 3}
      propertyPath: m_LocalEulerAnglesHint.x
      value: 0
      objectReference: {fileID: 0}
    - target: {fileID: -4216859302048453862, guid: 49cb823cef0f2e44c8cdb64d43c875ab,
        type: 3}
      propertyPath: m_LocalEulerAnglesHint.y
      value: 0
      objectReference: {fileID: 0}
    - target: {fileID: -4216859302048453862, guid: 49cb823cef0f2e44c8cdb64d43c875ab,
        type: 3}
      propertyPath: m_LocalEulerAnglesHint.z
      value: 0
      objectReference: {fileID: 0}
    - target: {fileID: -4481018104309486359, guid: 49cb823cef0f2e44c8cdb64d43c875ab,
        type: 3}
      propertyPath: m_Layer
      value: 9
      objectReference: {fileID: 0}
    - target: {fileID: -3318224156312965932, guid: 49cb823cef0f2e44c8cdb64d43c875ab,
        type: 3}
      propertyPath: m_Layer
      value: 9
      objectReference: {fileID: 0}
    - target: {fileID: 349860658714345934, guid: 49cb823cef0f2e44c8cdb64d43c875ab,
        type: 3}
      propertyPath: m_Layer
      value: 9
      objectReference: {fileID: 0}
    - target: {fileID: -7787063309608128283, guid: 49cb823cef0f2e44c8cdb64d43c875ab,
        type: 3}
      propertyPath: m_Layer
      value: 9
      objectReference: {fileID: 0}
    - target: {fileID: -4585660640509043418, guid: 49cb823cef0f2e44c8cdb64d43c875ab,
        type: 3}
      propertyPath: m_Layer
      value: 9
      objectReference: {fileID: 0}
    - target: {fileID: -4585660640509043418, guid: 49cb823cef0f2e44c8cdb64d43c875ab,
        type: 3}
      propertyPath: m_IsActive
      value: 0
      objectReference: {fileID: 0}
    - target: {fileID: -3589941662272762185, guid: 49cb823cef0f2e44c8cdb64d43c875ab,
        type: 3}
      propertyPath: m_Layer
      value: 9
      objectReference: {fileID: 0}
    - target: {fileID: -2666564141829552908, guid: 49cb823cef0f2e44c8cdb64d43c875ab,
        type: 3}
      propertyPath: m_Layer
      value: 9
      objectReference: {fileID: 0}
    - target: {fileID: -2313774616590833369, guid: 49cb823cef0f2e44c8cdb64d43c875ab,
        type: 3}
      propertyPath: m_Layer
      value: 9
      objectReference: {fileID: 0}
    - target: {fileID: -2313774616590833369, guid: 49cb823cef0f2e44c8cdb64d43c875ab,
        type: 3}
      propertyPath: m_IsActive
      value: 0
      objectReference: {fileID: 0}
    - target: {fileID: -70384270734127005, guid: 49cb823cef0f2e44c8cdb64d43c875ab,
        type: 3}
      propertyPath: m_Layer
      value: 9
      objectReference: {fileID: 0}
    - target: {fileID: -7956153479702427620, guid: 49cb823cef0f2e44c8cdb64d43c875ab,
        type: 3}
      propertyPath: m_Layer
      value: 9
      objectReference: {fileID: 0}
    - target: {fileID: -7374064301343307628, guid: 49cb823cef0f2e44c8cdb64d43c875ab,
        type: 3}
      propertyPath: m_Layer
      value: 9
      objectReference: {fileID: 0}
    - target: {fileID: -7374064301343307628, guid: 49cb823cef0f2e44c8cdb64d43c875ab,
        type: 3}
      propertyPath: m_IsActive
      value: 0
      objectReference: {fileID: 0}
    - target: {fileID: 2519562206248027962, guid: 49cb823cef0f2e44c8cdb64d43c875ab,
        type: 3}
      propertyPath: m_Layer
      value: 9
      objectReference: {fileID: 0}
    - target: {fileID: 2519562206248027962, guid: 49cb823cef0f2e44c8cdb64d43c875ab,
        type: 3}
      propertyPath: m_IsActive
      value: 0
      objectReference: {fileID: 0}
    - target: {fileID: 3130966015055353271, guid: 49cb823cef0f2e44c8cdb64d43c875ab,
        type: 3}
      propertyPath: m_Layer
      value: 9
      objectReference: {fileID: 0}
    - target: {fileID: -5448438828701697209, guid: 49cb823cef0f2e44c8cdb64d43c875ab,
        type: 3}
      propertyPath: m_Layer
      value: 9
      objectReference: {fileID: 0}
    - target: {fileID: -3165646844435464268, guid: 49cb823cef0f2e44c8cdb64d43c875ab,
        type: 3}
      propertyPath: m_Layer
      value: 9
      objectReference: {fileID: 0}
    - target: {fileID: 6652644631781779631, guid: 49cb823cef0f2e44c8cdb64d43c875ab,
        type: 3}
      propertyPath: m_Layer
      value: 9
      objectReference: {fileID: 0}
    - target: {fileID: 7174236464988022369, guid: 49cb823cef0f2e44c8cdb64d43c875ab,
        type: 3}
      propertyPath: m_Materials.Array.data[0]
      value: 
      objectReference: {fileID: 2100000, guid: 2abd7b2298a510a4aa3c01245cd0c1ec, type: 2}
    - target: {fileID: 7281276610194818332, guid: 49cb823cef0f2e44c8cdb64d43c875ab,
        type: 3}
      propertyPath: m_Materials.Array.data[0]
      value: 
      objectReference: {fileID: 2100000, guid: 2abd7b2298a510a4aa3c01245cd0c1ec, type: 2}
    - target: {fileID: 8071858031972184005, guid: 49cb823cef0f2e44c8cdb64d43c875ab,
        type: 3}
      propertyPath: m_Layer
      value: 9
      objectReference: {fileID: 0}
    - target: {fileID: 8163917170675918373, guid: 49cb823cef0f2e44c8cdb64d43c875ab,
        type: 3}
      propertyPath: m_Materials.Array.data[0]
      value: 
      objectReference: {fileID: 2100000, guid: 2abd7b2298a510a4aa3c01245cd0c1ec, type: 2}
    - target: {fileID: 9010767644872828551, guid: 49cb823cef0f2e44c8cdb64d43c875ab,
        type: 3}
      propertyPath: m_Materials.Array.data[0]
      value: 
      objectReference: {fileID: 2100000, guid: 2abd7b2298a510a4aa3c01245cd0c1ec, type: 2}
    - target: {fileID: -7809991773783376724, guid: 49cb823cef0f2e44c8cdb64d43c875ab,
        type: 3}
      propertyPath: m_Materials.Array.data[0]
      value: 
      objectReference: {fileID: 2100000, guid: 2abd7b2298a510a4aa3c01245cd0c1ec, type: 2}
    - target: {fileID: 1683595312121554510, guid: 49cb823cef0f2e44c8cdb64d43c875ab,
        type: 3}
      propertyPath: m_Layer
      value: 9
      objectReference: {fileID: 0}
    - target: {fileID: -6855353773695324241, guid: 49cb823cef0f2e44c8cdb64d43c875ab,
        type: 3}
      propertyPath: m_Materials.Array.data[0]
      value: 
      objectReference: {fileID: 2100000, guid: 2abd7b2298a510a4aa3c01245cd0c1ec, type: 2}
    - target: {fileID: 4595681069031596353, guid: 49cb823cef0f2e44c8cdb64d43c875ab,
        type: 3}
      propertyPath: m_Layer
      value: 9
      objectReference: {fileID: 0}
    - target: {fileID: 8881312422923506531, guid: 49cb823cef0f2e44c8cdb64d43c875ab,
        type: 3}
      propertyPath: m_Layer
      value: 9
      objectReference: {fileID: 0}
    - target: {fileID: 3913790891749397736, guid: 49cb823cef0f2e44c8cdb64d43c875ab,
        type: 3}
      propertyPath: m_Layer
      value: 9
      objectReference: {fileID: 0}
    m_RemovedComponents: []
  m_SourcePrefab: {fileID: 100100000, guid: 49cb823cef0f2e44c8cdb64d43c875ab, type: 3}
--- !u!1 &2256128924686373561 stripped
GameObject:
  m_CorrespondingSourceObject: {fileID: -2313774616590833369, guid: 49cb823cef0f2e44c8cdb64d43c875ab,
    type: 3}
  m_PrefabInstance: {fileID: 4660297021136305054}
  m_PrefabAsset: {fileID: 0}
--- !u!4 &420532125905342596 stripped
Transform:
  m_CorrespondingSourceObject: {fileID: -4216859302048453862, guid: 49cb823cef0f2e44c8cdb64d43c875ab,
    type: 3}
  m_PrefabInstance: {fileID: 4660297021136305054}
  m_PrefabAsset: {fileID: 0}
--- !u!1 &1896795518971379562 stripped
GameObject:
  m_CorrespondingSourceObject: {fileID: -2666564141829552908, guid: 49cb823cef0f2e44c8cdb64d43c875ab,
    type: 3}
  m_PrefabInstance: {fileID: 4660297021136305054}
  m_PrefabAsset: {fileID: 0}
--- !u!1 &1045191798159881513 stripped
GameObject:
  m_CorrespondingSourceObject: {fileID: -3589941662272762185, guid: 49cb823cef0f2e44c8cdb64d43c875ab,
    type: 3}
  m_PrefabInstance: {fileID: 4660297021136305054}
  m_PrefabAsset: {fileID: 0}
--- !u!1 &4587270898838268925 stripped
GameObject:
  m_CorrespondingSourceObject: {fileID: -70384270734127005, guid: 49cb823cef0f2e44c8cdb64d43c875ab,
    type: 3}
  m_PrefabInstance: {fileID: 4660297021136305054}
  m_PrefabAsset: {fileID: 0}
--- !u!1 &6415022412364575498 stripped
GameObject:
  m_CorrespondingSourceObject: {fileID: -7374064301343307628, guid: 49cb823cef0f2e44c8cdb64d43c875ab,
    type: 3}
  m_PrefabInstance: {fileID: 4660297021136305054}
  m_PrefabAsset: {fileID: 0}
--- !u!1 &7087534455615274148 stripped
GameObject:
  m_CorrespondingSourceObject: {fileID: 2519562206248027962, guid: 49cb823cef0f2e44c8cdb64d43c875ab,
    type: 3}
  m_PrefabInstance: {fileID: 4660297021136305054}
  m_PrefabAsset: {fileID: 0}
--- !u!1 &6550689158654338044 stripped
GameObject:
  m_CorrespondingSourceObject: {fileID: -7330722859658258334, guid: 49cb823cef0f2e44c8cdb64d43c875ab,
    type: 3}
  m_PrefabInstance: {fileID: 4660297021136305054}
  m_PrefabAsset: {fileID: 0}
--- !u!1 &5853170862206399362 stripped
GameObject:
  m_CorrespondingSourceObject: {fileID: -7956153479702427620, guid: 49cb823cef0f2e44c8cdb64d43c875ab,
    type: 3}
  m_PrefabInstance: {fileID: 4660297021136305054}
  m_PrefabAsset: {fileID: 0}
--- !u!1 &107113003294005111 stripped
GameObject:
  m_CorrespondingSourceObject: {fileID: -4481018104309486359, guid: 49cb823cef0f2e44c8cdb64d43c875ab,
    type: 3}
  m_PrefabInstance: {fileID: 4660297021136305054}
  m_PrefabAsset: {fileID: 0}
--- !u!1 &8417213081715327193 stripped
GameObject:
  m_CorrespondingSourceObject: {fileID: -5448438828701697209, guid: 49cb823cef0f2e44c8cdb64d43c875ab,
    type: 3}
  m_PrefabInstance: {fileID: 4660297021136305054}
  m_PrefabAsset: {fileID: 0}
--- !u!1 &4933208615993375312 stripped
GameObject:
  m_CorrespondingSourceObject: {fileID: 349860658714345934, guid: 49cb823cef0f2e44c8cdb64d43c875ab,
    type: 3}
  m_PrefabInstance: {fileID: 4660297021136305054}
  m_PrefabAsset: {fileID: 0}
--- !u!1 &1252000451218085706 stripped
GameObject:
  m_CorrespondingSourceObject: {fileID: -3318224156312965932, guid: 49cb823cef0f2e44c8cdb64d43c875ab,
    type: 3}
  m_PrefabInstance: {fileID: 4660297021136305054}
  m_PrefabAsset: {fileID: 0}
--- !u!1 &67772257959945912 stripped
GameObject:
  m_CorrespondingSourceObject: {fileID: -4585660640509043418, guid: 49cb823cef0f2e44c8cdb64d43c875ab,
    type: 3}
  m_PrefabInstance: {fileID: 4660297021136305054}
  m_PrefabAsset: {fileID: 0}
--- !u!1 &7773176069641874985 stripped
GameObject:
  m_CorrespondingSourceObject: {fileID: 3130966015055353271, guid: 49cb823cef0f2e44c8cdb64d43c875ab,
    type: 3}
  m_PrefabInstance: {fileID: 4660297021136305054}
  m_PrefabAsset: {fileID: 0}
--- !u!1 &4482316144495531086 stripped
GameObject:
  m_CorrespondingSourceObject: {fileID: -101100386382483504, guid: 49cb823cef0f2e44c8cdb64d43c875ab,
    type: 3}
  m_PrefabInstance: {fileID: 4660297021136305054}
  m_PrefabAsset: {fileID: 0}
--- !u!1 &5999490000880110459 stripped
GameObject:
  m_CorrespondingSourceObject: {fileID: -7787063309608128283, guid: 49cb823cef0f2e44c8cdb64d43c875ab,
    type: 3}
  m_PrefabInstance: {fileID: 4660297021136305054}
  m_PrefabAsset: {fileID: 0}
