%YAML 1.1
%TAG !u! tag:unity3d.com,2011:
--- !u!1 &152619451051533824
GameObject:
  m_ObjectHideFlags: 0
  m_CorrespondingSourceObject: {fileID: 0}
  m_PrefabInstance: {fileID: 0}
  m_PrefabAsset: {fileID: 0}
  serializedVersion: 6
  m_Component:
  - component: {fileID: 8213722438790640}
  - component: {fileID: 4316226339658087526}
  m_Layer: 9
  m_Name: Pavla_PR
  m_TagString: Untagged
  m_Icon: {fileID: 0}
  m_NavMeshLayer: 0
  m_StaticEditorFlags: 0
  m_IsActive: 1
--- !u!4 &8213722438790640
Transform:
  m_ObjectHideFlags: 0
  m_CorrespondingSourceObject: {fileID: 0}
  m_PrefabInstance: {fileID: 0}
  m_PrefabAsset: {fileID: 0}
  m_GameObject: {fileID: 152619451051533824}
  m_LocalRotation: {x: 0, y: 1, z: 0, w: 0}
  m_LocalPosition: {x: 0, y: 0, z: 0}
  m_LocalScale: {x: 1, y: 1, z: 1}
  m_Children:
  - {fileID: 3186078768313397766}
  m_Father: {fileID: 0}
  m_RootOrder: 0
  m_LocalEulerAnglesHint: {x: 0, y: 180, z: 0}
--- !u!114 &4316226339658087526
MonoBehaviour:
  m_ObjectHideFlags: 0
  m_CorrespondingSourceObject: {fileID: 0}
  m_PrefabInstance: {fileID: 0}
  m_PrefabAsset: {fileID: 0}
  m_GameObject: {fileID: 152619451051533824}
  m_Enabled: 1
  m_EditorHideFlags: 0
  m_Script: {fileID: 11500000, guid: de305606890b87e42a58c187eba6fe10, type: 3}
  m_Name: 
  m_EditorClassIdentifier: 
  partName: PR
  partNameCombinations: []
  partDescription: 
  partCategory: corner
  includeInDimensions: 1
  dimensions: {x: 1.2000244, y: 1.1210303, z: 1.2053453}
  image: {fileID: 21300000, guid: dc0e87a706359f847990af73424c4a8f, type: 3}
  type: 0
  partPoints:
  - {fileID: 147683875776545688}
  - {fileID: 4073461461775842707}
  canBeStandalone: 1
  sewingNames: []
  OnPartPointConnect:
    m_PersistentCalls:
      m_Calls: []
--- !u!114 &2140059150103499967
MonoBehaviour:
  m_ObjectHideFlags: 0
  m_CorrespondingSourceObject: {fileID: 0}
  m_PrefabInstance: {fileID: 0}
  m_PrefabAsset: {fileID: 0}
  m_GameObject: {fileID: 1869804716834551647}
  m_Enabled: 1
  m_EditorHideFlags: 0
  m_Script: {fileID: 11500000, guid: 816c52b73d7a1de4d8f07430f0420752, type: 3}
  m_Name: 
  m_EditorClassIdentifier: 
  partMeshType: legs
  setMaterialIndex: -1
  setMaterialIndex2: -1
--- !u!114 &1924264248884695593
MonoBehaviour:
  m_ObjectHideFlags: 0
  m_CorrespondingSourceObject: {fileID: 0}
  m_PrefabInstance: {fileID: 0}
  m_PrefabAsset: {fileID: 0}
  m_GameObject: {fileID: 1945681280614151834}
  m_Enabled: 1
  m_EditorHideFlags: 0
  m_Script: {fileID: 11500000, guid: 816c52b73d7a1de4d8f07430f0420752, type: 3}
  m_Name: 
  m_EditorClassIdentifier: 
  partMeshType: legs
  setMaterialIndex: -1
  setMaterialIndex2: -1
--- !u!64 &4500186632055765191
MeshCollider:
  m_ObjectHideFlags: 0
  m_CorrespondingSourceObject: {fileID: 0}
  m_PrefabInstance: {fileID: 0}
  m_PrefabAsset: {fileID: 0}
  m_GameObject: {fileID: 3852832379307947222}
  m_Material: {fileID: 0}
  m_IsTrigger: 0
  m_Enabled: 1
  serializedVersion: 3
  m_Convex: 0
  m_CookingOptions: 14
  m_Mesh: {fileID: 6419938919246398695, guid: c3961b0f8ab75c3459a855bcc46cd40a, type: 3}
--- !u!114 &3976868758100945228
MonoBehaviour:
  m_ObjectHideFlags: 0
  m_CorrespondingSourceObject: {fileID: 0}
  m_PrefabInstance: {fileID: 0}
  m_PrefabAsset: {fileID: 0}
  m_GameObject: {fileID: 3852832379307947222}
  m_Enabled: 1
  m_EditorHideFlags: 0
  m_Script: {fileID: 11500000, guid: 816c52b73d7a1de4d8f07430f0420752, type: 3}
  m_Name: 
  m_EditorClassIdentifier: 
  partMeshType: main
  setMaterialIndex: -1
  setMaterialIndex2: -1
--- !u!114 &6628019042006664175
MonoBehaviour:
  m_ObjectHideFlags: 0
  m_CorrespondingSourceObject: {fileID: 0}
  m_PrefabInstance: {fileID: 0}
  m_PrefabAsset: {fileID: 0}
  m_GameObject: {fileID: 3852832379307947222}
  m_Enabled: 1
  m_EditorHideFlags: 0
  m_Script: {fileID: 11500000, guid: 1030b2116dfab9343be14c0d0839ab5e, type: 3}
  m_Name: 
  m_EditorClassIdentifier: 
  ActivateObject: {fileID: 4601042858886018244}
  deactivateOnStart: 0
  DeactivateObjectInsteadOfThis: {fileID: 0}
--- !u!114 &147683875776545688
MonoBehaviour:
  m_ObjectHideFlags: 0
  m_CorrespondingSourceObject: {fileID: 0}
  m_PrefabInstance: {fileID: 0}
  m_PrefabAsset: {fileID: 0}
  m_GameObject: {fileID: 4290545384362577161}
  m_Enabled: 1
  m_EditorHideFlags: 0
  m_Script: {fileID: 11500000, guid: 298df71d7d1c94f47a9df2b26686031c, type: 3}
  m_Name: 
  m_EditorClassIdentifier: 
  type: 0
  connection: l
  allowedCategories: []
  disallowedCategories: []
  partPointGUI: {fileID: 0}
  activateOnDisconnect:
  - {fileID: 1869804716834551647}
  connectedTo: {fileID: 0}
  part: {fileID: 0}
--- !u!64 &900362230583913069
MeshCollider:
  m_ObjectHideFlags: 0
  m_CorrespondingSourceObject: {fileID: 0}
  m_PrefabInstance: {fileID: 0}
  m_PrefabAsset: {fileID: 0}
  m_GameObject: {fileID: 4601042858886018244}
  m_Material: {fileID: 0}
  m_IsTrigger: 0
  m_Enabled: 1
  serializedVersion: 3
  m_Convex: 0
  m_CookingOptions: 14
  m_Mesh: {fileID: -8630041783680233823, guid: c3961b0f8ab75c3459a855bcc46cd40a, type: 3}
--- !u!114 &4840274962043822601
MonoBehaviour:
  m_ObjectHideFlags: 0
  m_CorrespondingSourceObject: {fileID: 0}
  m_PrefabInstance: {fileID: 0}
  m_PrefabAsset: {fileID: 0}
  m_GameObject: {fileID: 4601042858886018244}
  m_Enabled: 1
  m_EditorHideFlags: 0
  m_Script: {fileID: 11500000, guid: 1030b2116dfab9343be14c0d0839ab5e, type: 3}
  m_Name: 
  m_EditorClassIdentifier: 
  ActivateObject: {fileID: 3852832379307947222}
  deactivateOnStart: 0
  DeactivateObjectInsteadOfThis: {fileID: 0}
--- !u!114 &8536104504568866279
MonoBehaviour:
  m_ObjectHideFlags: 0
  m_CorrespondingSourceObject: {fileID: 0}
  m_PrefabInstance: {fileID: 0}
  m_PrefabAsset: {fileID: 0}
  m_GameObject: {fileID: 4601042858886018244}
  m_Enabled: 1
  m_EditorHideFlags: 0
  m_Script: {fileID: 11500000, guid: 816c52b73d7a1de4d8f07430f0420752, type: 3}
  m_Name: 
  m_EditorClassIdentifier: 
  partMeshType: main
  setMaterialIndex: -1
  setMaterialIndex2: -1
--- !u!114 &7472797755092301885
MonoBehaviour:
  m_ObjectHideFlags: 0
  m_CorrespondingSourceObject: {fileID: 0}
  m_PrefabInstance: {fileID: 0}
  m_PrefabAsset: {fileID: 0}
  m_GameObject: {fileID: 5176370217124615176}
  m_Enabled: 1
  m_EditorHideFlags: 0
  m_Script: {fileID: 11500000, guid: 816c52b73d7a1de4d8f07430f0420752, type: 3}
  m_Name: 
  m_EditorClassIdentifier: 
  partMeshType: legs
  setMaterialIndex: -1
  setMaterialIndex2: -1
--- !u!114 &4623375455171882181
MonoBehaviour:
  m_ObjectHideFlags: 0
  m_CorrespondingSourceObject: {fileID: 0}
  m_PrefabInstance: {fileID: 0}
  m_PrefabAsset: {fileID: 0}
  m_GameObject: {fileID: 5781745789060031659}
  m_Enabled: 1
  m_EditorHideFlags: 0
  m_Script: {fileID: 11500000, guid: 816c52b73d7a1de4d8f07430f0420752, type: 3}
  m_Name: 
  m_EditorClassIdentifier: 
  partMeshType: main2
  setMaterialIndex: -1
  setMaterialIndex2: -1
--- !u!64 &4415212230778169037
MeshCollider:
  m_ObjectHideFlags: 0
  m_CorrespondingSourceObject: {fileID: 0}
  m_PrefabInstance: {fileID: 0}
  m_PrefabAsset: {fileID: 0}
  m_GameObject: {fileID: 5822486054572480274}
  m_Material: {fileID: 0}
  m_IsTrigger: 0
  m_Enabled: 1
  serializedVersion: 3
  m_Convex: 0
  m_CookingOptions: 14
  m_Mesh: {fileID: 805257479412036703, guid: c3961b0f8ab75c3459a855bcc46cd40a, type: 3}
--- !u!114 &8087779462490460159
MonoBehaviour:
  m_ObjectHideFlags: 0
  m_CorrespondingSourceObject: {fileID: 0}
  m_PrefabInstance: {fileID: 0}
  m_PrefabAsset: {fileID: 0}
  m_GameObject: {fileID: 5822486054572480274}
  m_Enabled: 1
  m_EditorHideFlags: 0
  m_Script: {fileID: 11500000, guid: 816c52b73d7a1de4d8f07430f0420752, type: 3}
  m_Name: 
  m_EditorClassIdentifier: 
  partMeshType: main
  setMaterialIndex: -1
  setMaterialIndex2: -1
--- !u!64 &2182025908860230386
MeshCollider:
  m_ObjectHideFlags: 0
  m_CorrespondingSourceObject: {fileID: 0}
  m_PrefabInstance: {fileID: 0}
  m_PrefabAsset: {fileID: 0}
  m_GameObject: {fileID: 6184266167040753411}
  m_Material: {fileID: 0}
  m_IsTrigger: 0
  m_Enabled: 1
  serializedVersion: 3
  m_Convex: 0
  m_CookingOptions: 14
  m_Mesh: {fileID: -742468694997303870, guid: c3961b0f8ab75c3459a855bcc46cd40a, type: 3}
--- !u!114 &482049490157167871
MonoBehaviour:
  m_ObjectHideFlags: 0
  m_CorrespondingSourceObject: {fileID: 0}
  m_PrefabInstance: {fileID: 0}
  m_PrefabAsset: {fileID: 0}
  m_GameObject: {fileID: 6184266167040753411}
  m_Enabled: 1
  m_EditorHideFlags: 0
  m_Script: {fileID: 11500000, guid: 816c52b73d7a1de4d8f07430f0420752, type: 3}
  m_Name: 
  m_EditorClassIdentifier: 
  partMeshType: main
  setMaterialIndex: -1
  setMaterialIndex2: -1
--- !u!114 &6630323834850617733
MonoBehaviour:
  m_ObjectHideFlags: 0
  m_CorrespondingSourceObject: {fileID: 0}
  m_PrefabInstance: {fileID: 0}
  m_PrefabAsset: {fileID: 0}
  m_GameObject: {fileID: 6184266167040753411}
  m_Enabled: 1
  m_EditorHideFlags: 0
  m_Script: {fileID: 11500000, guid: 1030b2116dfab9343be14c0d0839ab5e, type: 3}
  m_Name: 
  m_EditorClassIdentifier: 
  ActivateObject: {fileID: 8162566219980596968}
  deactivateOnStart: 0
  DeactivateObjectInsteadOfThis: {fileID: 0}
--- !u!114 &1076905160326603940
MonoBehaviour:
  m_ObjectHideFlags: 0
  m_CorrespondingSourceObject: {fileID: 0}
  m_PrefabInstance: {fileID: 0}
  m_PrefabAsset: {fileID: 0}
  m_GameObject: {fileID: 7219962273390820735}
  m_Enabled: 1
  m_EditorHideFlags: 0
  m_Script: {fileID: 11500000, guid: 816c52b73d7a1de4d8f07430f0420752, type: 3}
  m_Name: 
  m_EditorClassIdentifier: 
  partMeshType: legs
  setMaterialIndex: -1
  setMaterialIndex2: -1
--- !u!64 &4113950145247293053
MeshCollider:
  m_ObjectHideFlags: 0
  m_CorrespondingSourceObject: {fileID: 0}
  m_PrefabInstance: {fileID: 0}
  m_PrefabAsset: {fileID: 0}
  m_GameObject: {fileID: 8162566219980596968}
  m_Material: {fileID: 0}
  m_IsTrigger: 0
  m_Enabled: 1
  serializedVersion: 3
  m_Convex: 0
  m_CookingOptions: 14
  m_Mesh: {fileID: 3933129093002366391, guid: c3961b0f8ab75c3459a855bcc46cd40a, type: 3}
--- !u!114 &348403763262570098
MonoBehaviour:
  m_ObjectHideFlags: 0
  m_CorrespondingSourceObject: {fileID: 0}
  m_PrefabInstance: {fileID: 0}
  m_PrefabAsset: {fileID: 0}
  m_GameObject: {fileID: 8162566219980596968}
  m_Enabled: 1
  m_EditorHideFlags: 0
  m_Script: {fileID: 11500000, guid: 816c52b73d7a1de4d8f07430f0420752, type: 3}
  m_Name: 
  m_EditorClassIdentifier: 
  partMeshType: main
  setMaterialIndex: -1
  setMaterialIndex2: -1
--- !u!114 &2107210650065815603
MonoBehaviour:
  m_ObjectHideFlags: 0
  m_CorrespondingSourceObject: {fileID: 0}
  m_PrefabInstance: {fileID: 0}
  m_PrefabAsset: {fileID: 0}
  m_GameObject: {fileID: 8162566219980596968}
  m_Enabled: 1
  m_EditorHideFlags: 0
  m_Script: {fileID: 11500000, guid: 1030b2116dfab9343be14c0d0839ab5e, type: 3}
  m_Name: 
  m_EditorClassIdentifier: 
  ActivateObject: {fileID: 6184266167040753411}
  deactivateOnStart: 0
  DeactivateObjectInsteadOfThis: {fileID: 0}
--- !u!64 &463510781081299871
MeshCollider:
  m_ObjectHideFlags: 0
  m_CorrespondingSourceObject: {fileID: 0}
  m_PrefabInstance: {fileID: 0}
  m_PrefabAsset: {fileID: 0}
  m_GameObject: {fileID: 8256839298243771888}
  m_Material: {fileID: 0}
  m_IsTrigger: 0
  m_Enabled: 1
  serializedVersion: 3
  m_Convex: 0
  m_CookingOptions: 14
  m_Mesh: {fileID: 3057743632073509739, guid: c3961b0f8ab75c3459a855bcc46cd40a, type: 3}
--- !u!114 &8782998990027119583
MonoBehaviour:
  m_ObjectHideFlags: 0
  m_CorrespondingSourceObject: {fileID: 0}
  m_PrefabInstance: {fileID: 0}
  m_PrefabAsset: {fileID: 0}
  m_GameObject: {fileID: 8256839298243771888}
  m_Enabled: 1
  m_EditorHideFlags: 0
  m_Script: {fileID: 11500000, guid: 816c52b73d7a1de4d8f07430f0420752, type: 3}
  m_Name: 
  m_EditorClassIdentifier: 
  partMeshType: main2
  setMaterialIndex: -1
  setMaterialIndex2: -1
--- !u!114 &4073461461775842707
MonoBehaviour:
  m_ObjectHideFlags: 0
  m_CorrespondingSourceObject: {fileID: 0}
  m_PrefabInstance: {fileID: 0}
  m_PrefabAsset: {fileID: 0}
  m_GameObject: {fileID: 8468649427618588929}
  m_Enabled: 1
  m_EditorHideFlags: 0
  m_Script: {fileID: 11500000, guid: 298df71d7d1c94f47a9df2b26686031c, type: 3}
  m_Name: 
  m_EditorClassIdentifier: 
  type: 0
  connection: r
  allowedCategories: []
  disallowedCategories: []
  partPointGUI: {fileID: 0}
  activateOnDisconnect:
  - {fileID: 1945681280614151834}
  connectedTo: {fileID: 0}
  part: {fileID: 0}
--- !u!1001 &7587876033527961884
PrefabInstance:
  m_ObjectHideFlags: 0
  serializedVersion: 2
  m_Modification:
    m_TransformParent: {fileID: 8213722438790640}
    m_Modifications:
    - target: {fileID: -927199367670048503, guid: c3961b0f8ab75c3459a855bcc46cd40a,
        type: 3}
      propertyPath: m_Name
      value: Pavla_PR
      objectReference: {fileID: 0}
    - target: {fileID: -927199367670048503, guid: c3961b0f8ab75c3459a855bcc46cd40a,
        type: 3}
      propertyPath: m_Layer
      value: 9
      objectReference: {fileID: 0}
    - target: {fileID: -7148581750683783139, guid: c3961b0f8ab75c3459a855bcc46cd40a,
        type: 3}
      propertyPath: m_Layer
      value: 9
      objectReference: {fileID: 0}
    - target: {fileID: -3258748747219348459, guid: c3961b0f8ab75c3459a855bcc46cd40a,
        type: 3}
      propertyPath: m_Layer
      value: 9
      objectReference: {fileID: 0}
    - target: {fileID: -4216859302048453862, guid: c3961b0f8ab75c3459a855bcc46cd40a,
        type: 3}
      propertyPath: m_LocalPosition.x
      value: -0
      objectReference: {fileID: 0}
    - target: {fileID: -4216859302048453862, guid: c3961b0f8ab75c3459a855bcc46cd40a,
        type: 3}
      propertyPath: m_LocalPosition.y
      value: 0
      objectReference: {fileID: 0}
    - target: {fileID: -4216859302048453862, guid: c3961b0f8ab75c3459a855bcc46cd40a,
        type: 3}
      propertyPath: m_LocalPosition.z
      value: 0
      objectReference: {fileID: 0}
    - target: {fileID: -4216859302048453862, guid: c3961b0f8ab75c3459a855bcc46cd40a,
        type: 3}
      propertyPath: m_LocalRotation.x
      value: 0.000000021855694
      objectReference: {fileID: 0}
    - target: {fileID: -4216859302048453862, guid: c3961b0f8ab75c3459a855bcc46cd40a,
        type: 3}
      propertyPath: m_LocalRotation.y
      value: 0
      objectReference: {fileID: 0}
    - target: {fileID: -4216859302048453862, guid: c3961b0f8ab75c3459a855bcc46cd40a,
        type: 3}
      propertyPath: m_LocalRotation.z
      value: -0
      objectReference: {fileID: 0}
    - target: {fileID: -4216859302048453862, guid: c3961b0f8ab75c3459a855bcc46cd40a,
        type: 3}
      propertyPath: m_LocalRotation.w
      value: 1
      objectReference: {fileID: 0}
    - target: {fileID: -4216859302048453862, guid: c3961b0f8ab75c3459a855bcc46cd40a,
        type: 3}
      propertyPath: m_RootOrder
      value: 0
      objectReference: {fileID: 0}
    - target: {fileID: -4216859302048453862, guid: c3961b0f8ab75c3459a855bcc46cd40a,
        type: 3}
      propertyPath: m_LocalEulerAnglesHint.x
      value: 0
      objectReference: {fileID: 0}
    - target: {fileID: -4216859302048453862, guid: c3961b0f8ab75c3459a855bcc46cd40a,
        type: 3}
      propertyPath: m_LocalEulerAnglesHint.y
      value: 0
      objectReference: {fileID: 0}
    - target: {fileID: -4216859302048453862, guid: c3961b0f8ab75c3459a855bcc46cd40a,
        type: 3}
      propertyPath: m_LocalEulerAnglesHint.z
      value: 0
      objectReference: {fileID: 0}
    - target: {fileID: -1099040524080796093, guid: c3961b0f8ab75c3459a855bcc46cd40a,
        type: 3}
      propertyPath: m_Layer
      value: 9
      objectReference: {fileID: 0}
    - target: {fileID: -7392710773992630864, guid: c3961b0f8ab75c3459a855bcc46cd40a,
        type: 3}
      propertyPath: m_Materials.Array.data[0]
      value: 
      objectReference: {fileID: 2100000, guid: ef0a40ef0c4155445bab600761bd9a08, type: 2}
    - target: {fileID: -2983708323605516840, guid: c3961b0f8ab75c3459a855bcc46cd40a,
        type: 3}
      propertyPath: m_IsActive
      value: 0
      objectReference: {fileID: 0}
    - target: {fileID: -7490946649457836044, guid: c3961b0f8ab75c3459a855bcc46cd40a,
        type: 3}
      propertyPath: m_IsActive
      value: 0
      objectReference: {fileID: 0}
    - target: {fileID: 2007376817633912044, guid: c3961b0f8ab75c3459a855bcc46cd40a,
        type: 3}
      propertyPath: m_Layer
      value: 9
      objectReference: {fileID: 0}
    - target: {fileID: 8255450136189809685, guid: c3961b0f8ab75c3459a855bcc46cd40a,
        type: 3}
      propertyPath: m_Materials.Array.data[0]
      value: 
      objectReference: {fileID: 2100000, guid: 2abd7b2298a510a4aa3c01245cd0c1ec, type: 2}
    - target: {fileID: -1911016832633126259, guid: c3961b0f8ab75c3459a855bcc46cd40a,
        type: 3}
      propertyPath: m_Layer
      value: 9
      objectReference: {fileID: 0}
    - target: {fileID: 659726570807732089, guid: c3961b0f8ab75c3459a855bcc46cd40a,
        type: 3}
      propertyPath: m_Materials.Array.data[0]
      value: 
      objectReference: {fileID: 2100000, guid: ef0a40ef0c4155445bab600761bd9a08, type: 2}
    - target: {fileID: -2293979467421047672, guid: c3961b0f8ab75c3459a855bcc46cd40a,
        type: 3}
      propertyPath: m_Layer
      value: 9
      objectReference: {fileID: 0}
    - target: {fileID: -1054396374281190236, guid: c3961b0f8ab75c3459a855bcc46cd40a,
        type: 3}
      propertyPath: m_Layer
      value: 9
      objectReference: {fileID: 0}
    - target: {fileID: 6587846870396384117, guid: c3961b0f8ab75c3459a855bcc46cd40a,
        type: 3}
      propertyPath: m_Layer
      value: 9
      objectReference: {fileID: 0}
    - target: {fileID: 6587846870396384117, guid: c3961b0f8ab75c3459a855bcc46cd40a,
        type: 3}
      propertyPath: m_IsActive
      value: 0
      objectReference: {fileID: 0}
    - target: {fileID: 6671125295384528888, guid: c3961b0f8ab75c3459a855bcc46cd40a,
        type: 3}
      propertyPath: m_Layer
      value: 9
      objectReference: {fileID: 0}
    - target: {fileID: 3075857203659752937, guid: c3961b0f8ab75c3459a855bcc46cd40a,
        type: 3}
      propertyPath: m_Layer
      value: 9
      objectReference: {fileID: 0}
    - target: {fileID: 4157830447779001709, guid: c3961b0f8ab75c3459a855bcc46cd40a,
        type: 3}
      propertyPath: m_Layer
      value: 9
      objectReference: {fileID: 0}
    - target: {fileID: 4188752459071419823, guid: c3961b0f8ab75c3459a855bcc46cd40a,
        type: 3}
      propertyPath: m_Layer
      value: 9
      objectReference: {fileID: 0}
    - target: {fileID: 476212691568212425, guid: c3961b0f8ab75c3459a855bcc46cd40a,
        type: 3}
      propertyPath: m_Layer
      value: 9
      objectReference: {fileID: 0}
    - target: {fileID: 476212691568212425, guid: c3961b0f8ab75c3459a855bcc46cd40a,
        type: 3}
      propertyPath: m_IsActive
      value: 0
      objectReference: {fileID: 0}
    - target: {fileID: -1525487206823529619, guid: c3961b0f8ab75c3459a855bcc46cd40a,
        type: 3}
      propertyPath: m_Materials.Array.data[0]
      value: 
      objectReference: {fileID: 2100000, guid: 2abd7b2298a510a4aa3c01245cd0c1ec, type: 2}
    - target: {fileID: -5808993607766232823, guid: c3961b0f8ab75c3459a855bcc46cd40a,
        type: 3}
      propertyPath: m_Materials.Array.data[0]
      value: 
      objectReference: {fileID: 2100000, guid: 2abd7b2298a510a4aa3c01245cd0c1ec, type: 2}
    - target: {fileID: -6350825966162096048, guid: c3961b0f8ab75c3459a855bcc46cd40a,
        type: 3}
      propertyPath: m_Materials.Array.data[0]
      value: 
      objectReference: {fileID: 2100000, guid: ef0a40ef0c4155445bab600761bd9a08, type: 2}
    - target: {fileID: -5066707676179295756, guid: c3961b0f8ab75c3459a855bcc46cd40a,
        type: 3}
      propertyPath: m_Materials.Array.data[0]
      value: 
      objectReference: {fileID: 2100000, guid: 2abd7b2298a510a4aa3c01245cd0c1ec, type: 2}
    - target: {fileID: -4990380544424790797, guid: c3961b0f8ab75c3459a855bcc46cd40a,
        type: 3}
      propertyPath: m_Materials.Array.data[0]
      value: 
      objectReference: {fileID: 2100000, guid: 2abd7b2298a510a4aa3c01245cd0c1ec, type: 2}
    - target: {fileID: 1454155854565777095, guid: c3961b0f8ab75c3459a855bcc46cd40a,
        type: 3}
      propertyPath: m_Materials.Array.data[0]
      value: 
      objectReference: {fileID: 2100000, guid: ef0a40ef0c4155445bab600761bd9a08, type: 2}
    m_RemovedComponents: []
  m_SourcePrefab: {fileID: 100100000, guid: c3961b0f8ab75c3459a855bcc46cd40a, type: 3}
--- !u!1 &5781745789060031659 stripped
GameObject:
  m_CorrespondingSourceObject: {fileID: -5084161397644132937, guid: c3961b0f8ab75c3459a855bcc46cd40a,
    type: 3}
  m_PrefabInstance: {fileID: 7587876033527961884}
  m_PrefabAsset: {fileID: 0}
--- !u!1 &8162566219980596968 stripped
GameObject:
  m_CorrespondingSourceObject: {fileID: -7490946649457836044, guid: c3961b0f8ab75c3459a855bcc46cd40a,
    type: 3}
  m_PrefabInstance: {fileID: 7587876033527961884}
  m_PrefabAsset: {fileID: 0}
--- !u!1 &4290545384362577161 stripped
GameObject:
  m_CorrespondingSourceObject: {fileID: -3258748747219348459, guid: c3961b0f8ab75c3459a855bcc46cd40a,
    type: 3}
  m_PrefabInstance: {fileID: 7587876033527961884}
  m_PrefabAsset: {fileID: 0}
--- !u!1 &8468649427618588929 stripped
GameObject:
  m_CorrespondingSourceObject: {fileID: -7148581750683783139, guid: c3961b0f8ab75c3459a855bcc46cd40a,
    type: 3}
  m_PrefabInstance: {fileID: 7587876033527961884}
  m_PrefabAsset: {fileID: 0}
--- !u!4 &3186078768313397766 stripped
Transform:
  m_CorrespondingSourceObject: {fileID: -4216859302048453862, guid: c3961b0f8ab75c3459a855bcc46cd40a,
    type: 3}
  m_PrefabInstance: {fileID: 7587876033527961884}
  m_PrefabAsset: {fileID: 0}
--- !u!1 &3852832379307947222 stripped
GameObject:
  m_CorrespondingSourceObject: {fileID: -2578997233678045750, guid: c3961b0f8ab75c3459a855bcc46cd40a,
    type: 3}
  m_PrefabInstance: {fileID: 7587876033527961884}
  m_PrefabAsset: {fileID: 0}
--- !u!1 &5176370217124615176 stripped
GameObject:
  m_CorrespondingSourceObject: {fileID: -5864913470578914028, guid: c3961b0f8ab75c3459a855bcc46cd40a,
    type: 3}
  m_PrefabInstance: {fileID: 7587876033527961884}
  m_PrefabAsset: {fileID: 0}
--- !u!1 &1869804716834551647 stripped
GameObject:
  m_CorrespondingSourceObject: {fileID: -1099040524080796093, guid: c3961b0f8ab75c3459a855bcc46cd40a,
    type: 3}
  m_PrefabInstance: {fileID: 7587876033527961884}
  m_PrefabAsset: {fileID: 0}
--- !u!1 &1945681280614151834 stripped
GameObject:
  m_CorrespondingSourceObject: {fileID: 8236520614744059782, guid: c3961b0f8ab75c3459a855bcc46cd40a,
    type: 3}
  m_PrefabInstance: {fileID: 7587876033527961884}
  m_PrefabAsset: {fileID: 0}
--- !u!1 &6184266167040753411 stripped
GameObject:
  m_CorrespondingSourceObject: {fileID: 4368316115731637791, guid: c3961b0f8ab75c3459a855bcc46cd40a,
    type: 3}
  m_PrefabInstance: {fileID: 7587876033527961884}
  m_PrefabAsset: {fileID: 0}
--- !u!1 &4601042858886018244 stripped
GameObject:
  m_CorrespondingSourceObject: {fileID: -2983708323605516840, guid: c3961b0f8ab75c3459a855bcc46cd40a,
    type: 3}
  m_PrefabInstance: {fileID: 7587876033527961884}
  m_PrefabAsset: {fileID: 0}
--- !u!1 &8256839298243771888 stripped
GameObject:
  m_CorrespondingSourceObject: {fileID: 2007376817633912044, guid: c3961b0f8ab75c3459a855bcc46cd40a,
    type: 3}
  m_PrefabInstance: {fileID: 7587876033527961884}
  m_PrefabAsset: {fileID: 0}
--- !u!1 &5822486054572480274 stripped
GameObject:
  m_CorrespondingSourceObject: {fileID: -5080010647805686258, guid: c3961b0f8ab75c3459a855bcc46cd40a,
    type: 3}
  m_PrefabInstance: {fileID: 7587876033527961884}
  m_PrefabAsset: {fileID: 0}
--- !u!1 &7219962273390820735 stripped
GameObject:
  m_CorrespondingSourceObject: {fileID: 972769151289140323, guid: c3961b0f8ab75c3459a855bcc46cd40a,
    type: 3}
  m_PrefabInstance: {fileID: 7587876033527961884}
  m_PrefabAsset: {fileID: 0}
