%YAML 1.1
%TAG !u! tag:unity3d.com,2011:
--- !u!64 &3193472480231297774
MeshCollider:
  m_ObjectHideFlags: 0
  m_CorrespondingSourceObject: {fileID: 0}
  m_PrefabInstance: {fileID: 0}
  m_PrefabAsset: {fileID: 0}
  m_GameObject: {fileID: 1232057129060754177}
  m_Material: {fileID: 0}
  m_IsTrigger: 0
  m_Enabled: 1
  serializedVersion: 3
  m_Convex: 0
  m_CookingOptions: 14
  m_Mesh: {fileID: -8851302190462609488, guid: d3263a043cb1a5c4997b90c81491d74b, type: 3}
--- !u!114 &1829385517039133144
MonoBehaviour:
  m_ObjectHideFlags: 0
  m_CorrespondingSourceObject: {fileID: 0}
  m_PrefabInstance: {fileID: 0}
  m_PrefabAsset: {fileID: 0}
  m_GameObject: {fileID: 1232057129060754177}
  m_Enabled: 1
  m_EditorHideFlags: 0
  m_Script: {fileID: 11500000, guid: 816c52b73d7a1de4d8f07430f0420752, type: 3}
  m_Name: 
  m_EditorClassIdentifier: 
  partMeshType: main
  setMaterialIndex: -1
  setMaterialIndex2: -1
--- !u!1 &3109857924472983054
GameObject:
  m_ObjectHideFlags: 0
  m_CorrespondingSourceObject: {fileID: 0}
  m_PrefabInstance: {fileID: 0}
  m_PrefabAsset: {fileID: 0}
  serializedVersion: 6
  m_Component:
  - component: {fileID: 4551183617473325862}
  - component: {fileID: 7181384424803274832}
  m_Layer: 9
  m_Name: PT
  m_TagString: Untagged
  m_Icon: {fileID: 0}
  m_NavMeshLayer: 0
  m_StaticEditorFlags: 0
  m_IsActive: 1
--- !u!4 &4551183617473325862
Transform:
  m_ObjectHideFlags: 0
  m_CorrespondingSourceObject: {fileID: 0}
  m_PrefabInstance: {fileID: 0}
  m_PrefabAsset: {fileID: 0}
  m_GameObject: {fileID: 3109857924472983054}
  m_LocalRotation: {x: 0, y: 1, z: 0, w: -0.00000004371139}
  m_LocalPosition: {x: 0, y: 0, z: 0}
  m_LocalScale: {x: 1, y: 1, z: 1}
  m_Children:
  - {fileID: 7315233001600837816}
  m_Father: {fileID: 0}
  m_RootOrder: 0
  m_LocalEulerAnglesHint: {x: 0, y: 0, z: 0}
--- !u!114 &7181384424803274832
MonoBehaviour:
  m_ObjectHideFlags: 0
  m_CorrespondingSourceObject: {fileID: 0}
  m_PrefabInstance: {fileID: 0}
  m_PrefabAsset: {fileID: 0}
  m_GameObject: {fileID: 3109857924472983054}
  m_Enabled: 1
  m_EditorHideFlags: 0
  m_Script: {fileID: 11500000, guid: de305606890b87e42a58c187eba6fe10, type: 3}
  m_Name: 
  m_EditorClassIdentifier: 
  partName: PT
  partNameCombinations: []
  partDescription: 
  partCategory: hocker
  includeInDimensions: 0
  dimensions: {x: 0.6500001, y: 0.42000017, z: 0.6500001}
  image: {fileID: 21300000, guid: 2ab443d469d057f49a3f93585b3125e4, type: 3}
  type: 2
  partPoints:
  - {fileID: 6090174011814362671}
  canBeStandalone: 0
  sewingNames: []
  OnPartPointConnect:
    m_PersistentCalls:
      m_Calls: []
--- !u!64 &2840128511556782281
MeshCollider:
  m_ObjectHideFlags: 0
  m_CorrespondingSourceObject: {fileID: 0}
  m_PrefabInstance: {fileID: 0}
  m_PrefabAsset: {fileID: 0}
  m_GameObject: {fileID: 3570883674967070921}
  m_Material: {fileID: 0}
  m_IsTrigger: 0
  m_Enabled: 1
  serializedVersion: 3
  m_Convex: 0
  m_CookingOptions: 14
  m_Mesh: {fileID: -1474407561397436260, guid: d3263a043cb1a5c4997b90c81491d74b, type: 3}
--- !u!114 &2354876708789208362
MonoBehaviour:
  m_ObjectHideFlags: 0
  m_CorrespondingSourceObject: {fileID: 0}
  m_PrefabInstance: {fileID: 0}
  m_PrefabAsset: {fileID: 0}
  m_GameObject: {fileID: 3570883674967070921}
  m_Enabled: 1
  m_EditorHideFlags: 0
  m_Script: {fileID: 11500000, guid: 816c52b73d7a1de4d8f07430f0420752, type: 3}
  m_Name: 
  m_EditorClassIdentifier: 
  partMeshType: main2
  setMaterialIndex: -1
  setMaterialIndex2: -1
--- !u!114 &6090174011814362671
MonoBehaviour:
  m_ObjectHideFlags: 0
  m_CorrespondingSourceObject: {fileID: 0}
  m_PrefabInstance: {fileID: 0}
  m_PrefabAsset: {fileID: 0}
  m_GameObject: {fileID: 6043747621610658475}
  m_Enabled: 1
  m_EditorHideFlags: 0
  m_Script: {fileID: 11500000, guid: 298df71d7d1c94f47a9df2b26686031c, type: 3}
  m_Name: 
  m_EditorClassIdentifier: 
  type: 2
  connection: r
  allowedCategories: []
  disallowedCategories: []
  partPointGUI: {fileID: 0}
  activateOnDisconnect: []
  connectedTo: {fileID: 0}
  part: {fileID: 0}
--- !u!1001 &2377435951077540770
PrefabInstance:
  m_ObjectHideFlags: 0
  serializedVersion: 2
  m_Modification:
    m_TransformParent: {fileID: 4551183617473325862}
    m_Modifications:
    - target: {fileID: -927199367670048503, guid: d3263a043cb1a5c4997b90c81491d74b,
        type: 3}
      propertyPath: m_Name
      value: PT
      objectReference: {fileID: 0}
    - target: {fileID: -4216859302048453862, guid: d3263a043cb1a5c4997b90c81491d74b,
        type: 3}
      propertyPath: m_LocalPosition.x
      value: 0
      objectReference: {fileID: 0}
    - target: {fileID: -4216859302048453862, guid: d3263a043cb1a5c4997b90c81491d74b,
        type: 3}
      propertyPath: m_LocalPosition.y
      value: 0
      objectReference: {fileID: 0}
    - target: {fileID: -4216859302048453862, guid: d3263a043cb1a5c4997b90c81491d74b,
        type: 3}
      propertyPath: m_LocalPosition.z
      value: 0
      objectReference: {fileID: 0}
    - target: {fileID: -4216859302048453862, guid: d3263a043cb1a5c4997b90c81491d74b,
        type: 3}
      propertyPath: m_LocalRotation.x
      value: 0.00000008742278
      objectReference: {fileID: 0}
    - target: {fileID: -4216859302048453862, guid: d3263a043cb1a5c4997b90c81491d74b,
        type: 3}
      propertyPath: m_LocalRotation.y
      value: -0
      objectReference: {fileID: 0}
    - target: {fileID: -4216859302048453862, guid: d3263a043cb1a5c4997b90c81491d74b,
        type: 3}
      propertyPath: m_LocalRotation.z
      value: -0
      objectReference: {fileID: 0}
    - target: {fileID: -4216859302048453862, guid: d3263a043cb1a5c4997b90c81491d74b,
        type: 3}
      propertyPath: m_LocalRotation.w
      value: 1
      objectReference: {fileID: 0}
    - target: {fileID: -4216859302048453862, guid: d3263a043cb1a5c4997b90c81491d74b,
        type: 3}
      propertyPath: m_RootOrder
      value: 0
      objectReference: {fileID: 0}
    - target: {fileID: -4216859302048453862, guid: d3263a043cb1a5c4997b90c81491d74b,
        type: 3}
      propertyPath: m_LocalEulerAnglesHint.x
      value: 0
      objectReference: {fileID: 0}
    - target: {fileID: -4216859302048453862, guid: d3263a043cb1a5c4997b90c81491d74b,
        type: 3}
      propertyPath: m_LocalEulerAnglesHint.y
      value: 0
      objectReference: {fileID: 0}
    - target: {fileID: -4216859302048453862, guid: d3263a043cb1a5c4997b90c81491d74b,
        type: 3}
      propertyPath: m_LocalEulerAnglesHint.z
      value: 0
      objectReference: {fileID: 0}
    m_RemovedComponents: []
  m_SourcePrefab: {fileID: 100100000, guid: d3263a043cb1a5c4997b90c81491d74b, type: 3}
--- !u!1 &6043747621610658475 stripped
GameObject:
  m_CorrespondingSourceObject: {fileID: -927199367670048503, guid: d3263a043cb1a5c4997b90c81491d74b,
    type: 3}
  m_PrefabInstance: {fileID: 2377435951077540770}
  m_PrefabAsset: {fileID: 0}
--- !u!4 &7315233001600837816 stripped
Transform:
  m_CorrespondingSourceObject: {fileID: -4216859302048453862, guid: d3263a043cb1a5c4997b90c81491d74b,
    type: 3}
  m_PrefabInstance: {fileID: 2377435951077540770}
  m_PrefabAsset: {fileID: 0}
--- !u!1 &3570883674967070921 stripped
GameObject:
  m_CorrespondingSourceObject: {fileID: 1256516041842826091, guid: d3263a043cb1a5c4997b90c81491d74b,
    type: 3}
  m_PrefabInstance: {fileID: 2377435951077540770}
  m_PrefabAsset: {fileID: 0}
--- !u!1 &1232057129060754177 stripped
GameObject:
  m_CorrespondingSourceObject: {fileID: 3595979204981629091, guid: d3263a043cb1a5c4997b90c81491d74b,
    type: 3}
  m_PrefabInstance: {fileID: 2377435951077540770}
  m_PrefabAsset: {fileID: 0}
