%YAML 1.1
%TAG !u! tag:unity3d.com,2011:
--- !u!114 &4735815411871788709
MonoBehaviour:
  m_ObjectHideFlags: 0
  m_CorrespondingSourceObject: {fileID: 0}
  m_PrefabInstance: {fileID: 0}
  m_PrefabAsset: {fileID: 0}
  m_GameObject: {fileID: 148371930028645407}
  m_Enabled: 1
  m_EditorHideFlags: 0
  m_Script: {fileID: 11500000, guid: 816c52b73d7a1de4d8f07430f0420752, type: 3}
  m_Name: 
  m_EditorClassIdentifier: 
  partMeshType: legs
  setMaterialIndex: -1
  setMaterialIndex2: -1
  sewing: 0
--- !u!114 &6318426967121017330
MonoBehaviour:
  m_ObjectHideFlags: 0
  m_CorrespondingSourceObject: {fileID: 0}
  m_PrefabInstance: {fileID: 0}
  m_PrefabAsset: {fileID: 0}
  m_GameObject: {fileID: 1557493650782190829}
  m_Enabled: 1
  m_EditorHideFlags: 0
  m_Script: {fileID: 11500000, guid: 298df71d7d1c94f47a9df2b26686031c, type: 3}
  m_Name: 
  m_EditorClassIdentifier: 
  type: 0
  connection: l
  allowedCategories: []
  disallowedCategories: []
  partPointGUI: {fileID: 0}
  activateOnDisconnect: []
  connectedTo: {fileID: 0}
  part: {fileID: 0}
--- !u!64 &5620255884494256151
MeshCollider:
  m_ObjectHideFlags: 0
  m_CorrespondingSourceObject: {fileID: 0}
  m_PrefabInstance: {fileID: 0}
  m_PrefabAsset: {fileID: 0}
  m_GameObject: {fileID: 1886847494960219938}
  m_Material: {fileID: 0}
  m_IsTrigger: 0
  m_Enabled: 1
  serializedVersion: 3
  m_Convex: 0
  m_CookingOptions: 14
  m_Mesh: {fileID: -7914859299483648527, guid: 497f58b2c93ef4445b42478958d06dd5, type: 3}
--- !u!114 &266314096054743725
MonoBehaviour:
  m_ObjectHideFlags: 0
  m_CorrespondingSourceObject: {fileID: 0}
  m_PrefabInstance: {fileID: 0}
  m_PrefabAsset: {fileID: 0}
  m_GameObject: {fileID: 1886847494960219938}
  m_Enabled: 1
  m_EditorHideFlags: 0
  m_Script: {fileID: 11500000, guid: 816c52b73d7a1de4d8f07430f0420752, type: 3}
  m_Name: 
  m_EditorClassIdentifier: 
  partMeshType: main
  setMaterialIndex: -1
  setMaterialIndex2: -1
  sewing: 0
--- !u!114 &4339842899362393573
MonoBehaviour:
  m_ObjectHideFlags: 0
  m_CorrespondingSourceObject: {fileID: 0}
  m_PrefabInstance: {fileID: 0}
  m_PrefabAsset: {fileID: 0}
  m_GameObject: {fileID: 4481944012911774049}
  m_Enabled: 1
  m_EditorHideFlags: 0
  m_Script: {fileID: 11500000, guid: 816c52b73d7a1de4d8f07430f0420752, type: 3}
  m_Name: 
  m_EditorClassIdentifier: 
  partMeshType: legs
  setMaterialIndex: -1
  setMaterialIndex2: -1
  sewing: 0
--- !u!1 &6186855428052558624
GameObject:
  m_ObjectHideFlags: 0
  m_CorrespondingSourceObject: {fileID: 0}
  m_PrefabInstance: {fileID: 0}
  m_PrefabAsset: {fileID: 0}
  serializedVersion: 6
  m_Component:
  - component: {fileID: 2939056734465778374}
  - component: {fileID: 928937878402150027}
  m_Layer: 9
  m_Name: Cube_Podrucka 1
  m_TagString: Untagged
  m_Icon: {fileID: 0}
  m_NavMeshLayer: 0
  m_StaticEditorFlags: 0
  m_IsActive: 1
--- !u!4 &2939056734465778374
Transform:
  m_ObjectHideFlags: 0
  m_CorrespondingSourceObject: {fileID: 0}
  m_PrefabInstance: {fileID: 0}
  m_PrefabAsset: {fileID: 0}
  m_GameObject: {fileID: 6186855428052558624}
  m_LocalRotation: {x: 0, y: 1, z: 0, w: -0.00000004371139}
  m_LocalPosition: {x: 0, y: 0, z: 0}
  m_LocalScale: {x: 1, y: 1, z: 1}
  m_Children:
  - {fileID: 5453378556528128065}
  m_Father: {fileID: 0}
  m_RootOrder: 0
  m_LocalEulerAnglesHint: {x: 0, y: 0, z: 0}
--- !u!114 &928937878402150027
MonoBehaviour:
  m_ObjectHideFlags: 0
  m_CorrespondingSourceObject: {fileID: 0}
  m_PrefabInstance: {fileID: 0}
  m_PrefabAsset: {fileID: 0}
  m_GameObject: {fileID: 6186855428052558624}
  m_Enabled: 1
  m_EditorHideFlags: 0
  m_Script: {fileID: 11500000, guid: de305606890b87e42a58c187eba6fe10, type: 3}
  m_Name: 
  m_EditorClassIdentifier: 
  partName: Opierka P
  partNameCombinations: []
  partDescription: 
  partCategory: universal
  includeInDimensions: 1
  dimensions: {x: 0.25020188, y: 0.56909287, z: 1.0027275}
  image: {fileID: 21300000, guid: b5e5b9ca13ea69348b21f14d352179da, type: 3}
  type: 0
  partPoints:
  - {fileID: 6318426967121017330}
  canBeStandalone: 1
  sewingNames: []
  OnPartPointConnect:
    m_PersistentCalls:
      m_Calls: []
  possibleOptionalFunctions: []
  selectedOptionalFunction: {fileID: 0}
--- !u!64 &8933429634336993539
MeshCollider:
  m_ObjectHideFlags: 0
  m_CorrespondingSourceObject: {fileID: 0}
  m_PrefabInstance: {fileID: 0}
  m_PrefabAsset: {fileID: 0}
  m_GameObject: {fileID: 7161933713609229612}
  m_Material: {fileID: 0}
  m_IsTrigger: 0
  m_Enabled: 1
  serializedVersion: 3
  m_Convex: 0
  m_CookingOptions: 14
  m_Mesh: {fileID: 7075579739675880730, guid: 497f58b2c93ef4445b42478958d06dd5, type: 3}
--- !u!114 &301355954316114774
MonoBehaviour:
  m_ObjectHideFlags: 0
  m_CorrespondingSourceObject: {fileID: 0}
  m_PrefabInstance: {fileID: 0}
  m_PrefabAsset: {fileID: 0}
  m_GameObject: {fileID: 7161933713609229612}
  m_Enabled: 1
  m_EditorHideFlags: 0
  m_Script: {fileID: 11500000, guid: 816c52b73d7a1de4d8f07430f0420752, type: 3}
  m_Name: 
  m_EditorClassIdentifier: 
  partMeshType: main
  setMaterialIndex: -1
  setMaterialIndex2: -1
  sewing: 0
--- !u!64 &7293732003462812634
MeshCollider:
  m_ObjectHideFlags: 0
  m_CorrespondingSourceObject: {fileID: 0}
  m_PrefabInstance: {fileID: 0}
  m_PrefabAsset: {fileID: 0}
  m_GameObject: {fileID: 8732355788558652392}
  m_Material: {fileID: 0}
  m_IsTrigger: 0
  m_Enabled: 1
  serializedVersion: 3
  m_Convex: 0
  m_CookingOptions: 14
  m_Mesh: {fileID: -1236366066287300991, guid: 497f58b2c93ef4445b42478958d06dd5, type: 3}
--- !u!114 &1961794291180216647
MonoBehaviour:
  m_ObjectHideFlags: 0
  m_CorrespondingSourceObject: {fileID: 0}
  m_PrefabInstance: {fileID: 0}
  m_PrefabAsset: {fileID: 0}
  m_GameObject: {fileID: 8732355788558652392}
  m_Enabled: 1
  m_EditorHideFlags: 0
  m_Script: {fileID: 11500000, guid: 816c52b73d7a1de4d8f07430f0420752, type: 3}
  m_Name: 
  m_EditorClassIdentifier: 
  partMeshType: main
  setMaterialIndex: -1
  setMaterialIndex2: -1
  sewing: 0
--- !u!1001 &1068758467500497755
PrefabInstance:
  m_ObjectHideFlags: 0
  serializedVersion: 2
  m_Modification:
    m_TransformParent: {fileID: 2939056734465778374}
    m_Modifications:
    - target: {fileID: -927199367670048503, guid: 497f58b2c93ef4445b42478958d06dd5,
        type: 3}
      propertyPath: m_Name
      value: Cube_Podrucka
      objectReference: {fileID: 0}
    - target: {fileID: -927199367670048503, guid: 497f58b2c93ef4445b42478958d06dd5,
        type: 3}
      propertyPath: m_Layer
      value: 9
      objectReference: {fileID: 0}
    - target: {fileID: 926581890959394628, guid: 497f58b2c93ef4445b42478958d06dd5,
        type: 3}
      propertyPath: m_Layer
      value: 9
      objectReference: {fileID: 0}
    - target: {fileID: 3524047452984660538, guid: 497f58b2c93ef4445b42478958d06dd5,
        type: 3}
      propertyPath: m_Layer
      value: 9
      objectReference: {fileID: 0}
    - target: {fileID: -577743353096730445, guid: 497f58b2c93ef4445b42478958d06dd5,
        type: 3}
      propertyPath: m_Layer
      value: 9
      objectReference: {fileID: 0}
    - target: {fileID: -7257082335265118282, guid: 497f58b2c93ef4445b42478958d06dd5,
        type: 3}
      propertyPath: m_Layer
      value: 9
      objectReference: {fileID: 0}
    - target: {fileID: 1511964713221512313, guid: 497f58b2c93ef4445b42478958d06dd5,
        type: 3}
      propertyPath: m_Layer
      value: 9
      objectReference: {fileID: 0}
    - target: {fileID: 7904014080210132599, guid: 497f58b2c93ef4445b42478958d06dd5,
        type: 3}
      propertyPath: m_Layer
      value: 9
      objectReference: {fileID: 0}
    - target: {fileID: -4216859302048453862, guid: 497f58b2c93ef4445b42478958d06dd5,
        type: 3}
      propertyPath: m_LocalPosition.x
      value: -0
      objectReference: {fileID: 0}
    - target: {fileID: -4216859302048453862, guid: 497f58b2c93ef4445b42478958d06dd5,
        type: 3}
      propertyPath: m_LocalPosition.y
      value: 0
      objectReference: {fileID: 0}
    - target: {fileID: -4216859302048453862, guid: 497f58b2c93ef4445b42478958d06dd5,
        type: 3}
      propertyPath: m_LocalPosition.z
      value: 0
      objectReference: {fileID: 0}
    - target: {fileID: -4216859302048453862, guid: 497f58b2c93ef4445b42478958d06dd5,
        type: 3}
      propertyPath: m_LocalRotation.x
      value: 0.000000021855694
      objectReference: {fileID: 0}
    - target: {fileID: -4216859302048453862, guid: 497f58b2c93ef4445b42478958d06dd5,
        type: 3}
      propertyPath: m_LocalRotation.y
      value: 0
      objectReference: {fileID: 0}
    - target: {fileID: -4216859302048453862, guid: 497f58b2c93ef4445b42478958d06dd5,
        type: 3}
      propertyPath: m_LocalRotation.z
      value: -0
      objectReference: {fileID: 0}
    - target: {fileID: -4216859302048453862, guid: 497f58b2c93ef4445b42478958d06dd5,
        type: 3}
      propertyPath: m_LocalRotation.w
      value: 1
      objectReference: {fileID: 0}
    - target: {fileID: -4216859302048453862, guid: 497f58b2c93ef4445b42478958d06dd5,
        type: 3}
      propertyPath: m_RootOrder
      value: 0
      objectReference: {fileID: 0}
    - target: {fileID: -4216859302048453862, guid: 497f58b2c93ef4445b42478958d06dd5,
        type: 3}
      propertyPath: m_LocalEulerAnglesHint.x
      value: 0
      objectReference: {fileID: 0}
    - target: {fileID: -4216859302048453862, guid: 497f58b2c93ef4445b42478958d06dd5,
        type: 3}
      propertyPath: m_LocalEulerAnglesHint.y
      value: 0
      objectReference: {fileID: 0}
    - target: {fileID: -4216859302048453862, guid: 497f58b2c93ef4445b42478958d06dd5,
        type: 3}
      propertyPath: m_LocalEulerAnglesHint.z
      value: 0
      objectReference: {fileID: 0}
    m_RemovedComponents: []
  m_SourcePrefab: {fileID: 100100000, guid: 497f58b2c93ef4445b42478958d06dd5, type: 3}
--- !u!4 &5453378556528128065 stripped
Transform:
  m_CorrespondingSourceObject: {fileID: -4216859302048453862, guid: 497f58b2c93ef4445b42478958d06dd5,
    type: 3}
  m_PrefabInstance: {fileID: 1068758467500497755}
  m_PrefabAsset: {fileID: 0}
--- !u!1 &148371930028645407 stripped
GameObject:
  m_CorrespondingSourceObject: {fileID: 926581890959394628, guid: 497f58b2c93ef4445b42478958d06dd5,
    type: 3}
  m_PrefabInstance: {fileID: 1068758467500497755}
  m_PrefabAsset: {fileID: 0}
--- !u!1 &4481944012911774049 stripped
GameObject:
  m_CorrespondingSourceObject: {fileID: 3524047452984660538, guid: 497f58b2c93ef4445b42478958d06dd5,
    type: 3}
  m_PrefabInstance: {fileID: 1068758467500497755}
  m_PrefabAsset: {fileID: 0}
--- !u!1 &8732355788558652392 stripped
GameObject:
  m_CorrespondingSourceObject: {fileID: -577743353096730445, guid: 497f58b2c93ef4445b42478958d06dd5,
    type: 3}
  m_PrefabInstance: {fileID: 1068758467500497755}
  m_PrefabAsset: {fileID: 0}
--- !u!1 &1557493650782190829 stripped
GameObject:
  m_CorrespondingSourceObject: {fileID: -7257082335265118282, guid: 497f58b2c93ef4445b42478958d06dd5,
    type: 3}
  m_PrefabInstance: {fileID: 1068758467500497755}
  m_PrefabAsset: {fileID: 0}
--- !u!1 &1886847494960219938 stripped
GameObject:
  m_CorrespondingSourceObject: {fileID: 1511964713221512313, guid: 497f58b2c93ef4445b42478958d06dd5,
    type: 3}
  m_PrefabInstance: {fileID: 1068758467500497755}
  m_PrefabAsset: {fileID: 0}
--- !u!1 &7161933713609229612 stripped
GameObject:
  m_CorrespondingSourceObject: {fileID: 7904014080210132599, guid: 497f58b2c93ef4445b42478958d06dd5,
    type: 3}
  m_PrefabInstance: {fileID: 1068758467500497755}
  m_PrefabAsset: {fileID: 0}
