%YAML 1.1
%TAG !u! tag:unity3d.com,2011:
--- !u!114 &2153346333349645591
MonoBehaviour:
  m_ObjectHideFlags: 0
  m_CorrespondingSourceObject: {fileID: 0}
  m_PrefabInstance: {fileID: 0}
  m_PrefabAsset: {fileID: 0}
  m_GameObject: {fileID: 1060272059282332715}
  m_Enabled: 1
  m_EditorHideFlags: 0
  m_Script: {fileID: 11500000, guid: 816c52b73d7a1de4d8f07430f0420752, type: 3}
  m_Name: 
  m_EditorClassIdentifier: 
  partMeshType: legs
  setMaterialIndex: -1
  setMaterialIndex2: -1
  sewing: 0
--- !u!114 &4611745498540463942
MonoBehaviour:
  m_ObjectHideFlags: 0
  m_CorrespondingSourceObject: {fileID: 0}
  m_PrefabInstance: {fileID: 0}
  m_PrefabAsset: {fileID: 0}
  m_GameObject: {fileID: 1855410074561515297}
  m_Enabled: 1
  m_EditorHideFlags: 0
  m_Script: {fileID: 11500000, guid: 816c52b73d7a1de4d8f07430f0420752, type: 3}
  m_Name: 
  m_EditorClassIdentifier: 
  partMeshType: legs
  setMaterialIndex: -1
  setMaterialIndex2: -1
  sewing: 0
--- !u!64 &3337610382028809619
MeshCollider:
  m_ObjectHideFlags: 0
  m_CorrespondingSourceObject: {fileID: 0}
  m_PrefabInstance: {fileID: 0}
  m_PrefabAsset: {fileID: 0}
  m_GameObject: {fileID: 4003568427032562452}
  m_Material: {fileID: 0}
  m_IsTrigger: 0
  m_Enabled: 1
  serializedVersion: 3
  m_Convex: 0
  m_CookingOptions: 14
  m_Mesh: {fileID: -7514162493974927468, guid: d969f4058a3f942449b81e20f13f7d6e, type: 3}
--- !u!114 &451300101248501630
MonoBehaviour:
  m_ObjectHideFlags: 0
  m_CorrespondingSourceObject: {fileID: 0}
  m_PrefabInstance: {fileID: 0}
  m_PrefabAsset: {fileID: 0}
  m_GameObject: {fileID: 4003568427032562452}
  m_Enabled: 1
  m_EditorHideFlags: 0
  m_Script: {fileID: 11500000, guid: 816c52b73d7a1de4d8f07430f0420752, type: 3}
  m_Name: 
  m_EditorClassIdentifier: 
  partMeshType: main
  setMaterialIndex: -1
  setMaterialIndex2: -1
  sewing: 0
--- !u!114 &4070648729231484824
MonoBehaviour:
  m_ObjectHideFlags: 0
  m_CorrespondingSourceObject: {fileID: 0}
  m_PrefabInstance: {fileID: 0}
  m_PrefabAsset: {fileID: 0}
  m_GameObject: {fileID: 4303582223587232611}
  m_Enabled: 1
  m_EditorHideFlags: 0
  m_Script: {fileID: 11500000, guid: 298df71d7d1c94f47a9df2b26686031c, type: 3}
  m_Name: 
  m_EditorClassIdentifier: 
  type: 0
  connection: r
  allowedCategories: []
  disallowedCategories: []
  partPointGUI: {fileID: 0}
  activateOnDisconnect: []
  connectedTo: {fileID: 0}
  part: {fileID: 0}
--- !u!1 &5894179658924246294
GameObject:
  m_ObjectHideFlags: 0
  m_CorrespondingSourceObject: {fileID: 0}
  m_PrefabInstance: {fileID: 0}
  m_PrefabAsset: {fileID: 0}
  serializedVersion: 6
  m_Component:
  - component: {fileID: 696731825673000887}
  - component: {fileID: 6891829109590714136}
  m_Layer: 9
  m_Name: dorado_ARM_P
  m_TagString: Untagged
  m_Icon: {fileID: 0}
  m_NavMeshLayer: 0
  m_StaticEditorFlags: 0
  m_IsActive: 1
--- !u!4 &696731825673000887
Transform:
  m_ObjectHideFlags: 0
  m_CorrespondingSourceObject: {fileID: 0}
  m_PrefabInstance: {fileID: 0}
  m_PrefabAsset: {fileID: 0}
  m_GameObject: {fileID: 5894179658924246294}
  m_LocalRotation: {x: 0, y: 1, z: 0, w: -0.00000004371139}
  m_LocalPosition: {x: 0, y: 0, z: 0}
  m_LocalScale: {x: 1, y: 1, z: 1}
  m_Children:
  - {fileID: 7896785794428250188}
  m_Father: {fileID: 0}
  m_RootOrder: 0
  m_LocalEulerAnglesHint: {x: 0, y: 0, z: 0}
--- !u!114 &6891829109590714136
MonoBehaviour:
  m_ObjectHideFlags: 0
  m_CorrespondingSourceObject: {fileID: 0}
  m_PrefabInstance: {fileID: 0}
  m_PrefabAsset: {fileID: 0}
  m_GameObject: {fileID: 5894179658924246294}
  m_Enabled: 1
  m_EditorHideFlags: 0
  m_Script: {fileID: 11500000, guid: de305606890b87e42a58c187eba6fe10, type: 3}
  m_Name: 
  m_EditorClassIdentifier: 
  partName: "Podru\u010D"
  partNameCombinations: []
  partDescription: 
  partCategory: armr
  includeInDimensions: 1
  dimensions: {x: 0.2, y: 0.56946695, z: 0.9587616}
  image: {fileID: 21300000, guid: 3610fccc014f5a243b3c2e532db1ae75, type: 3}
  type: 0
  partPoints:
  - {fileID: 4070648729231484824}
  canBeStandalone: 0
  sewingNames: []
  OnPartPointConnect:
    m_PersistentCalls:
      m_Calls: []
--- !u!1001 &2949206955935564630
PrefabInstance:
  m_ObjectHideFlags: 0
  serializedVersion: 2
  m_Modification:
    m_TransformParent: {fileID: 696731825673000887}
    m_Modifications:
    - target: {fileID: -927199367670048503, guid: d969f4058a3f942449b81e20f13f7d6e,
        type: 3}
      propertyPath: m_Name
      value: dorado_ARM_P
      objectReference: {fileID: 0}
    - target: {fileID: -927199367670048503, guid: d969f4058a3f942449b81e20f13f7d6e,
        type: 3}
      propertyPath: m_Layer
      value: 9
      objectReference: {fileID: 0}
    - target: {fileID: 2261431931060635714, guid: d969f4058a3f942449b81e20f13f7d6e,
        type: 3}
      propertyPath: m_Layer
      value: 9
      objectReference: {fileID: 0}
    - target: {fileID: 1392972530850777141, guid: d969f4058a3f942449b81e20f13f7d6e,
        type: 3}
      propertyPath: m_Layer
      value: 9
      objectReference: {fileID: 0}
    - target: {fileID: -5669453896053093257, guid: d969f4058a3f942449b81e20f13f7d6e,
        type: 3}
      propertyPath: m_Layer
      value: 9
      objectReference: {fileID: 0}
    - target: {fileID: 2763916921445097341, guid: d969f4058a3f942449b81e20f13f7d6e,
        type: 3}
      propertyPath: m_Layer
      value: 9
      objectReference: {fileID: 0}
    - target: {fileID: -4216859302048453862, guid: d969f4058a3f942449b81e20f13f7d6e,
        type: 3}
      propertyPath: m_LocalPosition.x
      value: 0
      objectReference: {fileID: 0}
    - target: {fileID: -4216859302048453862, guid: d969f4058a3f942449b81e20f13f7d6e,
        type: 3}
      propertyPath: m_LocalPosition.y
      value: 0
      objectReference: {fileID: 0}
    - target: {fileID: -4216859302048453862, guid: d969f4058a3f942449b81e20f13f7d6e,
        type: 3}
      propertyPath: m_LocalPosition.z
      value: 0
      objectReference: {fileID: 0}
    - target: {fileID: -4216859302048453862, guid: d969f4058a3f942449b81e20f13f7d6e,
        type: 3}
      propertyPath: m_LocalRotation.x
      value: 0
      objectReference: {fileID: 0}
    - target: {fileID: -4216859302048453862, guid: d969f4058a3f942449b81e20f13f7d6e,
        type: 3}
      propertyPath: m_LocalRotation.y
      value: 0
      objectReference: {fileID: 0}
    - target: {fileID: -4216859302048453862, guid: d969f4058a3f942449b81e20f13f7d6e,
        type: 3}
      propertyPath: m_LocalRotation.z
      value: 0
      objectReference: {fileID: 0}
    - target: {fileID: -4216859302048453862, guid: d969f4058a3f942449b81e20f13f7d6e,
        type: 3}
      propertyPath: m_LocalRotation.w
      value: 1
      objectReference: {fileID: 0}
    - target: {fileID: -4216859302048453862, guid: d969f4058a3f942449b81e20f13f7d6e,
        type: 3}
      propertyPath: m_RootOrder
      value: 0
      objectReference: {fileID: 0}
    - target: {fileID: -4216859302048453862, guid: d969f4058a3f942449b81e20f13f7d6e,
        type: 3}
      propertyPath: m_LocalEulerAnglesHint.x
      value: 0
      objectReference: {fileID: 0}
    - target: {fileID: -4216859302048453862, guid: d969f4058a3f942449b81e20f13f7d6e,
        type: 3}
      propertyPath: m_LocalEulerAnglesHint.y
      value: 0
      objectReference: {fileID: 0}
    - target: {fileID: -4216859302048453862, guid: d969f4058a3f942449b81e20f13f7d6e,
        type: 3}
      propertyPath: m_LocalEulerAnglesHint.z
      value: 0
      objectReference: {fileID: 0}
    - target: {fileID: -5270784216740204598, guid: d969f4058a3f942449b81e20f13f7d6e,
        type: 3}
      propertyPath: m_Materials.Array.data[0]
      value: 
      objectReference: {fileID: 2100000, guid: ef0a40ef0c4155445bab600761bd9a08, type: 2}
    - target: {fileID: -4214552045136013546, guid: d969f4058a3f942449b81e20f13f7d6e,
        type: 3}
      propertyPath: m_Materials.Array.data[0]
      value: 
      objectReference: {fileID: 2100000, guid: ef0a40ef0c4155445bab600761bd9a08, type: 2}
    - target: {fileID: 6133722917423658128, guid: d969f4058a3f942449b81e20f13f7d6e,
        type: 3}
      propertyPath: m_Materials.Array.data[0]
      value: 
      objectReference: {fileID: 2100000, guid: 2abd7b2298a510a4aa3c01245cd0c1ec, type: 2}
    m_RemovedComponents: []
  m_SourcePrefab: {fileID: 100100000, guid: d969f4058a3f942449b81e20f13f7d6e, type: 3}
--- !u!4 &7896785794428250188 stripped
Transform:
  m_CorrespondingSourceObject: {fileID: -4216859302048453862, guid: d969f4058a3f942449b81e20f13f7d6e,
    type: 3}
  m_PrefabInstance: {fileID: 2949206955935564630}
  m_PrefabAsset: {fileID: 0}
--- !u!1 &4003568427032562452 stripped
GameObject:
  m_CorrespondingSourceObject: {fileID: 2261431931060635714, guid: d969f4058a3f942449b81e20f13f7d6e,
    type: 3}
  m_PrefabInstance: {fileID: 2949206955935564630}
  m_PrefabAsset: {fileID: 0}
--- !u!1 &4303582223587232611 stripped
GameObject:
  m_CorrespondingSourceObject: {fileID: 1392972530850777141, guid: d969f4058a3f942449b81e20f13f7d6e,
    type: 3}
  m_PrefabInstance: {fileID: 2949206955935564630}
  m_PrefabAsset: {fileID: 0}
--- !u!1 &1855410074561515297 stripped
GameObject:
  m_CorrespondingSourceObject: {fileID: -5669453896053093257, guid: d969f4058a3f942449b81e20f13f7d6e,
    type: 3}
  m_PrefabInstance: {fileID: 2949206955935564630}
  m_PrefabAsset: {fileID: 0}
--- !u!1 &1060272059282332715 stripped
GameObject:
  m_CorrespondingSourceObject: {fileID: 2763916921445097341, guid: d969f4058a3f942449b81e20f13f7d6e,
    type: 3}
  m_PrefabInstance: {fileID: 2949206955935564630}
  m_PrefabAsset: {fileID: 0}
