%YAML 1.1
%TAG !u! tag:unity3d.com,2011:
--- !u!114 &2876118002481828474
MonoBehaviour:
  m_ObjectHideFlags: 0
  m_CorrespondingSourceObject: {fileID: 0}
  m_PrefabInstance: {fileID: 0}
  m_PrefabAsset: {fileID: 0}
  m_GameObject: {fileID: 407512576957243888}
  m_Enabled: 1
  m_EditorHideFlags: 0
  m_Script: {fileID: 11500000, guid: 816c52b73d7a1de4d8f07430f0420752, type: 3}
  m_Name: 
  m_EditorClassIdentifier: 
  partMeshType: legs
  setMaterialIndex: -1
  setMaterialIndex2: -1
--- !u!114 &1377254121217535154
MonoBehaviour:
  m_ObjectHideFlags: 0
  m_CorrespondingSourceObject: {fileID: 0}
  m_PrefabInstance: {fileID: 0}
  m_PrefabAsset: {fileID: 0}
  m_GameObject: {fileID: 611372285875654679}
  m_Enabled: 1
  m_EditorHideFlags: 0
  m_Script: {fileID: 11500000, guid: 816c52b73d7a1de4d8f07430f0420752, type: 3}
  m_Name: 
  m_EditorClassIdentifier: 
  partMeshType: legs2
  setMaterialIndex: -1
  setMaterialIndex2: -1
--- !u!114 &5533218989556690391
MonoBehaviour:
  m_ObjectHideFlags: 0
  m_CorrespondingSourceObject: {fileID: 0}
  m_PrefabInstance: {fileID: 0}
  m_PrefabAsset: {fileID: 0}
  m_GameObject: {fileID: 650168004784017294}
  m_Enabled: 1
  m_EditorHideFlags: 0
  m_Script: {fileID: 11500000, guid: 816c52b73d7a1de4d8f07430f0420752, type: 3}
  m_Name: 
  m_EditorClassIdentifier: 
  partMeshType: legs2
  setMaterialIndex: -1
  setMaterialIndex2: -1
--- !u!114 &118343784331003964
MonoBehaviour:
  m_ObjectHideFlags: 0
  m_CorrespondingSourceObject: {fileID: 0}
  m_PrefabInstance: {fileID: 0}
  m_PrefabAsset: {fileID: 0}
  m_GameObject: {fileID: 863000871152000297}
  m_Enabled: 1
  m_EditorHideFlags: 0
  m_Script: {fileID: 11500000, guid: 816c52b73d7a1de4d8f07430f0420752, type: 3}
  m_Name: 
  m_EditorClassIdentifier: 
  partMeshType: legs
  setMaterialIndex: -1
  setMaterialIndex2: -1
--- !u!114 &1625300864352809199
MonoBehaviour:
  m_ObjectHideFlags: 0
  m_CorrespondingSourceObject: {fileID: 0}
  m_PrefabInstance: {fileID: 0}
  m_PrefabAsset: {fileID: 0}
  m_GameObject: {fileID: 2104094733033160359}
  m_Enabled: 1
  m_EditorHideFlags: 0
  m_Script: {fileID: 11500000, guid: 816c52b73d7a1de4d8f07430f0420752, type: 3}
  m_Name: 
  m_EditorClassIdentifier: 
  partMeshType: legs
  setMaterialIndex: -1
  setMaterialIndex2: -1
--- !u!114 &6701907637384823423
MonoBehaviour:
  m_ObjectHideFlags: 0
  m_CorrespondingSourceObject: {fileID: 0}
  m_PrefabInstance: {fileID: 0}
  m_PrefabAsset: {fileID: 0}
  m_GameObject: {fileID: 4083370477525961158}
  m_Enabled: 1
  m_EditorHideFlags: 0
  m_Script: {fileID: 11500000, guid: 298df71d7d1c94f47a9df2b26686031c, type: 3}
  m_Name: 
  m_EditorClassIdentifier: 
  type: 2
  connection: r
  allowedCategories: []
  disallowedCategories: []
  partPointGUI: {fileID: 0}
  activateOnDisconnect: []
  connectedTo: {fileID: 0}
  part: {fileID: 0}
--- !u!1 &5635751058364520058
GameObject:
  m_ObjectHideFlags: 0
  m_CorrespondingSourceObject: {fileID: 0}
  m_PrefabInstance: {fileID: 0}
  m_PrefabAsset: {fileID: 0}
  serializedVersion: 6
  m_Component:
  - component: {fileID: 1240675526959790198}
  - component: {fileID: 9084066212770833705}
  m_Layer: 9
  m_Name: denv_HOCKER_815x605
  m_TagString: Untagged
  m_Icon: {fileID: 0}
  m_NavMeshLayer: 0
  m_StaticEditorFlags: 0
  m_IsActive: 1
--- !u!4 &1240675526959790198
Transform:
  m_ObjectHideFlags: 0
  m_CorrespondingSourceObject: {fileID: 0}
  m_PrefabInstance: {fileID: 0}
  m_PrefabAsset: {fileID: 0}
  m_GameObject: {fileID: 5635751058364520058}
  m_LocalRotation: {x: 0, y: 1, z: 0, w: 0}
  m_LocalPosition: {x: 0, y: 0, z: 0}
  m_LocalScale: {x: 1, y: 1, z: 1}
  m_Children:
  - {fileID: 4968638535739379824}
  m_Father: {fileID: 0}
  m_RootOrder: 0
  m_LocalEulerAnglesHint: {x: 0, y: 180, z: 0}
--- !u!114 &9084066212770833705
MonoBehaviour:
  m_ObjectHideFlags: 0
  m_CorrespondingSourceObject: {fileID: 0}
  m_PrefabInstance: {fileID: 0}
  m_PrefabAsset: {fileID: 0}
  m_GameObject: {fileID: 5635751058364520058}
  m_Enabled: 1
  m_EditorHideFlags: 0
  m_Script: {fileID: 11500000, guid: de305606890b87e42a58c187eba6fe10, type: 3}
  m_Name: 
  m_EditorClassIdentifier: 
  partName: Hocker 80x60
  partNameCombinations: []
  partDescription: 
  partCategory: hocker
  includeInDimensions: 0
  dimensions: {x: 0.59547853, y: 0.47776496, z: 0.8232417}
  image: {fileID: 21300000, guid: 94ef696441d6fb448add478bb53f8252, type: 3}
  type: 2
  partPoints:
  - {fileID: 6701907637384823423}
  canBeStandalone: 0
  sewingNames: []
  OnPartPointConnect:
    m_PersistentCalls:
      m_Calls: []
--- !u!114 &4721995940106116403
MonoBehaviour:
  m_ObjectHideFlags: 0
  m_CorrespondingSourceObject: {fileID: 0}
  m_PrefabInstance: {fileID: 0}
  m_PrefabAsset: {fileID: 0}
  m_GameObject: {fileID: 7081868327271126225}
  m_Enabled: 1
  m_EditorHideFlags: 0
  m_Script: {fileID: 11500000, guid: 816c52b73d7a1de4d8f07430f0420752, type: 3}
  m_Name: 
  m_EditorClassIdentifier: 
  partMeshType: legs2
  setMaterialIndex: -1
  setMaterialIndex2: -1
--- !u!64 &8212229946721548904
MeshCollider:
  m_ObjectHideFlags: 0
  m_CorrespondingSourceObject: {fileID: 0}
  m_PrefabInstance: {fileID: 0}
  m_PrefabAsset: {fileID: 0}
  m_GameObject: {fileID: 7515835896910167583}
  m_Material: {fileID: 0}
  m_IsTrigger: 0
  m_Enabled: 1
  serializedVersion: 3
  m_Convex: 0
  m_CookingOptions: 14
  m_Mesh: {fileID: 4717699651385488264, guid: 929882fb5debfec45963d95ba7e6a1df, type: 3}
--- !u!114 &4559557027902547940
MonoBehaviour:
  m_ObjectHideFlags: 0
  m_CorrespondingSourceObject: {fileID: 0}
  m_PrefabInstance: {fileID: 0}
  m_PrefabAsset: {fileID: 0}
  m_GameObject: {fileID: 7515835896910167583}
  m_Enabled: 1
  m_EditorHideFlags: 0
  m_Script: {fileID: 11500000, guid: 816c52b73d7a1de4d8f07430f0420752, type: 3}
  m_Name: 
  m_EditorClassIdentifier: 
  partMeshType: main
  setMaterialIndex: -1
  setMaterialIndex2: -1
--- !u!114 &2148665614121036192
MonoBehaviour:
  m_ObjectHideFlags: 0
  m_CorrespondingSourceObject: {fileID: 0}
  m_PrefabInstance: {fileID: 0}
  m_PrefabAsset: {fileID: 0}
  m_GameObject: {fileID: 7785579585334552082}
  m_Enabled: 1
  m_EditorHideFlags: 0
  m_Script: {fileID: 11500000, guid: 816c52b73d7a1de4d8f07430f0420752, type: 3}
  m_Name: 
  m_EditorClassIdentifier: 
  partMeshType: legs2
  setMaterialIndex: -1
  setMaterialIndex2: -1
--- !u!114 &7850261038227472905
MonoBehaviour:
  m_ObjectHideFlags: 0
  m_CorrespondingSourceObject: {fileID: 0}
  m_PrefabInstance: {fileID: 0}
  m_PrefabAsset: {fileID: 0}
  m_GameObject: {fileID: 8218185500409744190}
  m_Enabled: 1
  m_EditorHideFlags: 0
  m_Script: {fileID: 11500000, guid: 816c52b73d7a1de4d8f07430f0420752, type: 3}
  m_Name: 
  m_EditorClassIdentifier: 
  partMeshType: legs
  setMaterialIndex: -1
  setMaterialIndex2: -1
--- !u!64 &2529046057277439130
MeshCollider:
  m_ObjectHideFlags: 0
  m_CorrespondingSourceObject: {fileID: 0}
  m_PrefabInstance: {fileID: 0}
  m_PrefabAsset: {fileID: 0}
  m_GameObject: {fileID: 8978857003558813100}
  m_Material: {fileID: 0}
  m_IsTrigger: 0
  m_Enabled: 1
  serializedVersion: 3
  m_Convex: 0
  m_CookingOptions: 14
  m_Mesh: {fileID: -7060099853256464589, guid: 929882fb5debfec45963d95ba7e6a1df, type: 3}
--- !u!114 &9210720754710080765
MonoBehaviour:
  m_ObjectHideFlags: 0
  m_CorrespondingSourceObject: {fileID: 0}
  m_PrefabInstance: {fileID: 0}
  m_PrefabAsset: {fileID: 0}
  m_GameObject: {fileID: 8978857003558813100}
  m_Enabled: 1
  m_EditorHideFlags: 0
  m_Script: {fileID: 11500000, guid: 816c52b73d7a1de4d8f07430f0420752, type: 3}
  m_Name: 
  m_EditorClassIdentifier: 
  partMeshType: main
  setMaterialIndex: -1
  setMaterialIndex2: -1
--- !u!1001 &112188268929989482
PrefabInstance:
  m_ObjectHideFlags: 0
  serializedVersion: 2
  m_Modification:
    m_TransformParent: {fileID: 1240675526959790198}
    m_Modifications:
    - target: {fileID: -927199367670048503, guid: 929882fb5debfec45963d95ba7e6a1df,
        type: 3}
      propertyPath: m_Name
      value: denv_HOCKER_815x605
      objectReference: {fileID: 0}
    - target: {fileID: -927199367670048503, guid: 929882fb5debfec45963d95ba7e6a1df,
        type: 3}
      propertyPath: m_Layer
      value: 9
      objectReference: {fileID: 0}
    - target: {fileID: 9013352661762639558, guid: 929882fb5debfec45963d95ba7e6a1df,
        type: 3}
      propertyPath: m_Layer
      value: 9
      objectReference: {fileID: 0}
    - target: {fileID: -1602421307180579467, guid: 929882fb5debfec45963d95ba7e6a1df,
        type: 3}
      propertyPath: m_Layer
      value: 9
      objectReference: {fileID: 0}
    - target: {fileID: -1602421307180579467, guid: 929882fb5debfec45963d95ba7e6a1df,
        type: 3}
      propertyPath: m_IsActive
      value: 0
      objectReference: {fileID: 0}
    - target: {fileID: -6744953645956454205, guid: 929882fb5debfec45963d95ba7e6a1df,
        type: 3}
      propertyPath: m_Layer
      value: 9
      objectReference: {fileID: 0}
    - target: {fileID: 4117866150594425516, guid: 929882fb5debfec45963d95ba7e6a1df,
        type: 3}
      propertyPath: m_Layer
      value: 9
      objectReference: {fileID: 0}
    - target: {fileID: 4117866150594425516, guid: 929882fb5debfec45963d95ba7e6a1df,
        type: 3}
      propertyPath: m_IsActive
      value: 1
      objectReference: {fileID: 0}
    - target: {fileID: 299863369337526938, guid: 929882fb5debfec45963d95ba7e6a1df,
        type: 3}
      propertyPath: m_Layer
      value: 9
      objectReference: {fileID: 0}
    - target: {fileID: -900070623462952876, guid: 929882fb5debfec45963d95ba7e6a1df,
        type: 3}
      propertyPath: m_Layer
      value: 9
      objectReference: {fileID: 0}
    - target: {fileID: -7152369722472823347, guid: 929882fb5debfec45963d95ba7e6a1df,
        type: 3}
      propertyPath: m_Layer
      value: 9
      objectReference: {fileID: 0}
    - target: {fileID: -8469181712900315581, guid: 929882fb5debfec45963d95ba7e6a1df,
        type: 3}
      propertyPath: m_Layer
      value: 9
      objectReference: {fileID: 0}
    - target: {fileID: -1331519847742333576, guid: 929882fb5debfec45963d95ba7e6a1df,
        type: 3}
      propertyPath: m_Layer
      value: 9
      objectReference: {fileID: 0}
    - target: {fileID: -1331519847742333576, guid: 929882fb5debfec45963d95ba7e6a1df,
        type: 3}
      propertyPath: m_IsActive
      value: 0
      objectReference: {fileID: 0}
    - target: {fileID: -8607699427862219548, guid: 929882fb5debfec45963d95ba7e6a1df,
        type: 3}
      propertyPath: m_Layer
      value: 9
      objectReference: {fileID: 0}
    - target: {fileID: -8607699427862219548, guid: 929882fb5debfec45963d95ba7e6a1df,
        type: 3}
      propertyPath: m_IsActive
      value: 0
      objectReference: {fileID: 0}
    - target: {fileID: 7190360855997607867, guid: 929882fb5debfec45963d95ba7e6a1df,
        type: 3}
      propertyPath: m_Layer
      value: 9
      objectReference: {fileID: 0}
    - target: {fileID: 7190360855997607867, guid: 929882fb5debfec45963d95ba7e6a1df,
        type: 3}
      propertyPath: m_IsActive
      value: 0
      objectReference: {fileID: 0}
    - target: {fileID: -8506572403375428739, guid: 929882fb5debfec45963d95ba7e6a1df,
        type: 3}
      propertyPath: m_Layer
      value: 9
      objectReference: {fileID: 0}
    - target: {fileID: -8506572403375428739, guid: 929882fb5debfec45963d95ba7e6a1df,
        type: 3}
      propertyPath: m_IsActive
      value: 0
      objectReference: {fileID: 0}
    - target: {fileID: -4216859302048453862, guid: 929882fb5debfec45963d95ba7e6a1df,
        type: 3}
      propertyPath: m_LocalPosition.x
      value: 0
      objectReference: {fileID: 0}
    - target: {fileID: -4216859302048453862, guid: 929882fb5debfec45963d95ba7e6a1df,
        type: 3}
      propertyPath: m_LocalPosition.y
      value: 0
      objectReference: {fileID: 0}
    - target: {fileID: -4216859302048453862, guid: 929882fb5debfec45963d95ba7e6a1df,
        type: 3}
      propertyPath: m_LocalPosition.z
      value: 0
      objectReference: {fileID: 0}
    - target: {fileID: -4216859302048453862, guid: 929882fb5debfec45963d95ba7e6a1df,
        type: 3}
      propertyPath: m_LocalRotation.x
      value: 0
      objectReference: {fileID: 0}
    - target: {fileID: -4216859302048453862, guid: 929882fb5debfec45963d95ba7e6a1df,
        type: 3}
      propertyPath: m_LocalRotation.y
      value: 0
      objectReference: {fileID: 0}
    - target: {fileID: -4216859302048453862, guid: 929882fb5debfec45963d95ba7e6a1df,
        type: 3}
      propertyPath: m_LocalRotation.z
      value: 0
      objectReference: {fileID: 0}
    - target: {fileID: -4216859302048453862, guid: 929882fb5debfec45963d95ba7e6a1df,
        type: 3}
      propertyPath: m_LocalRotation.w
      value: 1
      objectReference: {fileID: 0}
    - target: {fileID: -4216859302048453862, guid: 929882fb5debfec45963d95ba7e6a1df,
        type: 3}
      propertyPath: m_RootOrder
      value: 0
      objectReference: {fileID: 0}
    - target: {fileID: -4216859302048453862, guid: 929882fb5debfec45963d95ba7e6a1df,
        type: 3}
      propertyPath: m_LocalEulerAnglesHint.x
      value: 0
      objectReference: {fileID: 0}
    - target: {fileID: -4216859302048453862, guid: 929882fb5debfec45963d95ba7e6a1df,
        type: 3}
      propertyPath: m_LocalEulerAnglesHint.y
      value: 0
      objectReference: {fileID: 0}
    - target: {fileID: -4216859302048453862, guid: 929882fb5debfec45963d95ba7e6a1df,
        type: 3}
      propertyPath: m_LocalEulerAnglesHint.z
      value: 0
      objectReference: {fileID: 0}
    - target: {fileID: -8802349863578889127, guid: 929882fb5debfec45963d95ba7e6a1df,
        type: 3}
      propertyPath: m_Materials.Array.data[0]
      value: 
      objectReference: {fileID: 2100000, guid: ef0a40ef0c4155445bab600761bd9a08, type: 2}
    - target: {fileID: -8802349863578889127, guid: 929882fb5debfec45963d95ba7e6a1df,
        type: 3}
      propertyPath: m_Materials.Array.data[1]
      value: 
      objectReference: {fileID: 2100000, guid: ef0a40ef0c4155445bab600761bd9a08, type: 2}
    - target: {fileID: -8323723797046324309, guid: 929882fb5debfec45963d95ba7e6a1df,
        type: 3}
      propertyPath: m_Materials.Array.data[0]
      value: 
      objectReference: {fileID: 2100000, guid: ef0a40ef0c4155445bab600761bd9a08, type: 2}
    - target: {fileID: -8032910022048857510, guid: 929882fb5debfec45963d95ba7e6a1df,
        type: 3}
      propertyPath: m_Materials.Array.data[0]
      value: 
      objectReference: {fileID: 2100000, guid: ef0a40ef0c4155445bab600761bd9a08, type: 2}
    - target: {fileID: -8032910022048857510, guid: 929882fb5debfec45963d95ba7e6a1df,
        type: 3}
      propertyPath: m_Materials.Array.data[1]
      value: 
      objectReference: {fileID: 2100000, guid: ef0a40ef0c4155445bab600761bd9a08, type: 2}
    - target: {fileID: 1174041699064428736, guid: 929882fb5debfec45963d95ba7e6a1df,
        type: 3}
      propertyPath: m_Materials.Array.data[0]
      value: 
      objectReference: {fileID: 2100000, guid: ef0a40ef0c4155445bab600761bd9a08, type: 2}
    - target: {fileID: 1174041699064428736, guid: 929882fb5debfec45963d95ba7e6a1df,
        type: 3}
      propertyPath: m_Materials.Array.data[1]
      value: 
      objectReference: {fileID: 2100000, guid: ef0a40ef0c4155445bab600761bd9a08, type: 2}
    - target: {fileID: -7859064824750074426, guid: 929882fb5debfec45963d95ba7e6a1df,
        type: 3}
      propertyPath: m_Materials.Array.data[0]
      value: 
      objectReference: {fileID: 2100000, guid: ef0a40ef0c4155445bab600761bd9a08, type: 2}
    - target: {fileID: 1306262233221588692, guid: 929882fb5debfec45963d95ba7e6a1df,
        type: 3}
      propertyPath: m_Materials.Array.data[0]
      value: 
      objectReference: {fileID: 2100000, guid: ef0a40ef0c4155445bab600761bd9a08, type: 2}
    - target: {fileID: 1306262233221588692, guid: 929882fb5debfec45963d95ba7e6a1df,
        type: 3}
      propertyPath: m_Materials.Array.data[1]
      value: 
      objectReference: {fileID: 2100000, guid: ef0a40ef0c4155445bab600761bd9a08, type: 2}
    - target: {fileID: 5243113448681141834, guid: 929882fb5debfec45963d95ba7e6a1df,
        type: 3}
      propertyPath: m_Materials.Array.data[0]
      value: 
      objectReference: {fileID: 2100000, guid: ef0a40ef0c4155445bab600761bd9a08, type: 2}
    - target: {fileID: 6727129833166908953, guid: 929882fb5debfec45963d95ba7e6a1df,
        type: 3}
      propertyPath: m_Materials.Array.data[0]
      value: 
      objectReference: {fileID: 2100000, guid: ef0a40ef0c4155445bab600761bd9a08, type: 2}
    - target: {fileID: -2449137911741825115, guid: 929882fb5debfec45963d95ba7e6a1df,
        type: 3}
      propertyPath: m_Materials.Array.data[0]
      value: 
      objectReference: {fileID: 2100000, guid: 2abd7b2298a510a4aa3c01245cd0c1ec, type: 2}
    - target: {fileID: -2449137911741825115, guid: 929882fb5debfec45963d95ba7e6a1df,
        type: 3}
      propertyPath: m_Materials.Array.data[1]
      value: 
      objectReference: {fileID: 2100000, guid: 2abd7b2298a510a4aa3c01245cd0c1ec, type: 2}
    m_RemovedComponents: []
  m_SourcePrefab: {fileID: 100100000, guid: 929882fb5debfec45963d95ba7e6a1df, type: 3}
--- !u!4 &4968638535739379824 stripped
Transform:
  m_CorrespondingSourceObject: {fileID: -4216859302048453862, guid: 929882fb5debfec45963d95ba7e6a1df,
    type: 3}
  m_PrefabInstance: {fileID: 112188268929989482}
  m_PrefabAsset: {fileID: 0}
--- !u!1 &8978857003558813100 stripped
GameObject:
  m_CorrespondingSourceObject: {fileID: 9013352661762639558, guid: 929882fb5debfec45963d95ba7e6a1df,
    type: 3}
  m_PrefabInstance: {fileID: 112188268929989482}
  m_PrefabAsset: {fileID: 0}
--- !u!1 &7515835896910167583 stripped
GameObject:
  m_CorrespondingSourceObject: {fileID: -1602421307180579467, guid: 929882fb5debfec45963d95ba7e6a1df,
    type: 3}
  m_PrefabInstance: {fileID: 112188268929989482}
  m_PrefabAsset: {fileID: 0}
--- !u!1 &4083370477525961158 stripped
GameObject:
  m_CorrespondingSourceObject: {fileID: 4117866150594425516, guid: 929882fb5debfec45963d95ba7e6a1df,
    type: 3}
  m_PrefabInstance: {fileID: 112188268929989482}
  m_PrefabAsset: {fileID: 0}
--- !u!1 &407512576957243888 stripped
GameObject:
  m_CorrespondingSourceObject: {fileID: 299863369337526938, guid: 929882fb5debfec45963d95ba7e6a1df,
    type: 3}
  m_PrefabInstance: {fileID: 112188268929989482}
  m_PrefabAsset: {fileID: 0}
--- !u!1 &8218185500409744190 stripped
GameObject:
  m_CorrespondingSourceObject: {fileID: -900070623462952876, guid: 929882fb5debfec45963d95ba7e6a1df,
    type: 3}
  m_PrefabInstance: {fileID: 112188268929989482}
  m_PrefabAsset: {fileID: 0}
--- !u!1 &2104094733033160359 stripped
GameObject:
  m_CorrespondingSourceObject: {fileID: -7152369722472823347, guid: 929882fb5debfec45963d95ba7e6a1df,
    type: 3}
  m_PrefabInstance: {fileID: 112188268929989482}
  m_PrefabAsset: {fileID: 0}
--- !u!1 &863000871152000297 stripped
GameObject:
  m_CorrespondingSourceObject: {fileID: -8469181712900315581, guid: 929882fb5debfec45963d95ba7e6a1df,
    type: 3}
  m_PrefabInstance: {fileID: 112188268929989482}
  m_PrefabAsset: {fileID: 0}
--- !u!1 &7785579585334552082 stripped
GameObject:
  m_CorrespondingSourceObject: {fileID: -1331519847742333576, guid: 929882fb5debfec45963d95ba7e6a1df,
    type: 3}
  m_PrefabInstance: {fileID: 112188268929989482}
  m_PrefabAsset: {fileID: 0}
--- !u!1 &650168004784017294 stripped
GameObject:
  m_CorrespondingSourceObject: {fileID: -8607699427862219548, guid: 929882fb5debfec45963d95ba7e6a1df,
    type: 3}
  m_PrefabInstance: {fileID: 112188268929989482}
  m_PrefabAsset: {fileID: 0}
--- !u!1 &7081868327271126225 stripped
GameObject:
  m_CorrespondingSourceObject: {fileID: 7190360855997607867, guid: 929882fb5debfec45963d95ba7e6a1df,
    type: 3}
  m_PrefabInstance: {fileID: 112188268929989482}
  m_PrefabAsset: {fileID: 0}
--- !u!1 &611372285875654679 stripped
GameObject:
  m_CorrespondingSourceObject: {fileID: -8506572403375428739, guid: 929882fb5debfec45963d95ba7e6a1df,
    type: 3}
  m_PrefabInstance: {fileID: 112188268929989482}
  m_PrefabAsset: {fileID: 0}
