%YAML 1.1
%TAG !u! tag:unity3d.com,2011:
--- !u!1 &42701567243737535
GameObject:
  m_ObjectHideFlags: 0
  m_CorrespondingSourceObject: {fileID: 0}
  m_PrefabInstance: {fileID: 0}
  m_PrefabAsset: {fileID: 0}
  serializedVersion: 6
  m_Component:
  - component: {fileID: 5746965774294076090}
  - component: {fileID: 8407110254260360880}
  m_Layer: 9
  m_Name: denv_HOCKER_615x605
  m_TagString: Untagged
  m_Icon: {fileID: 0}
  m_NavMeshLayer: 0
  m_StaticEditorFlags: 0
  m_IsActive: 1
--- !u!4 &5746965774294076090
Transform:
  m_ObjectHideFlags: 0
  m_CorrespondingSourceObject: {fileID: 0}
  m_PrefabInstance: {fileID: 0}
  m_PrefabAsset: {fileID: 0}
  m_GameObject: {fileID: 42701567243737535}
  m_LocalRotation: {x: 0, y: 1, z: 0, w: 0}
  m_LocalPosition: {x: 0, y: 0, z: 0}
  m_LocalScale: {x: 1, y: 1, z: 1}
  m_Children:
  - {fileID: 4553224167235292626}
  m_Father: {fileID: 0}
  m_RootOrder: 0
  m_LocalEulerAnglesHint: {x: 0, y: 180, z: 0}
--- !u!114 &8407110254260360880
MonoBehaviour:
  m_ObjectHideFlags: 0
  m_CorrespondingSourceObject: {fileID: 0}
  m_PrefabInstance: {fileID: 0}
  m_PrefabAsset: {fileID: 0}
  m_GameObject: {fileID: 42701567243737535}
  m_Enabled: 1
  m_EditorHideFlags: 0
  m_Script: {fileID: 11500000, guid: de305606890b87e42a58c187eba6fe10, type: 3}
  m_Name: 
  m_EditorClassIdentifier: 
  partName: Hocker 60x60
  partNameCombinations: []
  partDescription: 
  partCategory: hocker
  includeInDimensions: 0
  dimensions: {x: 0.5954785, y: 0.47776538, z: 0.61676866}
  image: {fileID: 21300000, guid: 71bfcc9b2fe2fc64fb18ad4823e5e687, type: 3}
  type: 2
  partPoints:
  - {fileID: 5795479310782511321}
  canBeStandalone: 0
  sewingNames: []
  OnPartPointConnect:
    m_PersistentCalls:
      m_Calls: []
--- !u!114 &6186701053841262864
MonoBehaviour:
  m_ObjectHideFlags: 0
  m_CorrespondingSourceObject: {fileID: 0}
  m_PrefabInstance: {fileID: 0}
  m_PrefabAsset: {fileID: 0}
  m_GameObject: {fileID: 68079300220660979}
  m_Enabled: 1
  m_EditorHideFlags: 0
  m_Script: {fileID: 11500000, guid: 816c52b73d7a1de4d8f07430f0420752, type: 3}
  m_Name: 
  m_EditorClassIdentifier: 
  partMeshType: legs2
  setMaterialIndex: -1
  setMaterialIndex2: -1
--- !u!114 &5795479310782511321
MonoBehaviour:
  m_ObjectHideFlags: 0
  m_CorrespondingSourceObject: {fileID: 0}
  m_PrefabInstance: {fileID: 0}
  m_PrefabAsset: {fileID: 0}
  m_GameObject: {fileID: 287550544156377906}
  m_Enabled: 1
  m_EditorHideFlags: 0
  m_Script: {fileID: 11500000, guid: 298df71d7d1c94f47a9df2b26686031c, type: 3}
  m_Name: 
  m_EditorClassIdentifier: 
  type: 2
  connection: r
  allowedCategories: []
  disallowedCategories: []
  partPointGUI: {fileID: 0}
  activateOnDisconnect: []
  connectedTo: {fileID: 0}
  part: {fileID: 0}
--- !u!114 &3533676536918066462
MonoBehaviour:
  m_ObjectHideFlags: 0
  m_CorrespondingSourceObject: {fileID: 0}
  m_PrefabInstance: {fileID: 0}
  m_PrefabAsset: {fileID: 0}
  m_GameObject: {fileID: 705014579841259164}
  m_Enabled: 1
  m_EditorHideFlags: 0
  m_Script: {fileID: 11500000, guid: 816c52b73d7a1de4d8f07430f0420752, type: 3}
  m_Name: 
  m_EditorClassIdentifier: 
  partMeshType: legs
  setMaterialIndex: -1
  setMaterialIndex2: -1
--- !u!114 &2577165581500466640
MonoBehaviour:
  m_ObjectHideFlags: 0
  m_CorrespondingSourceObject: {fileID: 0}
  m_PrefabInstance: {fileID: 0}
  m_PrefabAsset: {fileID: 0}
  m_GameObject: {fileID: 6018549023709758032}
  m_Enabled: 1
  m_EditorHideFlags: 0
  m_Script: {fileID: 11500000, guid: 816c52b73d7a1de4d8f07430f0420752, type: 3}
  m_Name: 
  m_EditorClassIdentifier: 
  partMeshType: legs2
  setMaterialIndex: -1
  setMaterialIndex2: -1
--- !u!64 &6800162018743092286
MeshCollider:
  m_ObjectHideFlags: 0
  m_CorrespondingSourceObject: {fileID: 0}
  m_PrefabInstance: {fileID: 0}
  m_PrefabAsset: {fileID: 0}
  m_GameObject: {fileID: 6153787820458743926}
  m_Material: {fileID: 0}
  m_IsTrigger: 0
  m_Enabled: 1
  serializedVersion: 3
  m_Convex: 0
  m_CookingOptions: 14
  m_Mesh: {fileID: 422249197119982310, guid: e8f4aea6d1a2ded4ab750a6c9dcdd91c, type: 3}
--- !u!114 &83574949517067772
MonoBehaviour:
  m_ObjectHideFlags: 0
  m_CorrespondingSourceObject: {fileID: 0}
  m_PrefabInstance: {fileID: 0}
  m_PrefabAsset: {fileID: 0}
  m_GameObject: {fileID: 6153787820458743926}
  m_Enabled: 1
  m_EditorHideFlags: 0
  m_Script: {fileID: 11500000, guid: 816c52b73d7a1de4d8f07430f0420752, type: 3}
  m_Name: 
  m_EditorClassIdentifier: 
  partMeshType: main
  setMaterialIndex: -1
  setMaterialIndex2: -1
--- !u!64 &6696985282309713909
MeshCollider:
  m_ObjectHideFlags: 0
  m_CorrespondingSourceObject: {fileID: 0}
  m_PrefabInstance: {fileID: 0}
  m_PrefabAsset: {fileID: 0}
  m_GameObject: {fileID: 7209785967732979752}
  m_Material: {fileID: 0}
  m_IsTrigger: 0
  m_Enabled: 1
  serializedVersion: 3
  m_Convex: 0
  m_CookingOptions: 14
  m_Mesh: {fileID: 8208909114882187188, guid: e8f4aea6d1a2ded4ab750a6c9dcdd91c, type: 3}
--- !u!114 &31596856684547387
MonoBehaviour:
  m_ObjectHideFlags: 0
  m_CorrespondingSourceObject: {fileID: 0}
  m_PrefabInstance: {fileID: 0}
  m_PrefabAsset: {fileID: 0}
  m_GameObject: {fileID: 7209785967732979752}
  m_Enabled: 1
  m_EditorHideFlags: 0
  m_Script: {fileID: 11500000, guid: 816c52b73d7a1de4d8f07430f0420752, type: 3}
  m_Name: 
  m_EditorClassIdentifier: 
  partMeshType: main
  setMaterialIndex: -1
  setMaterialIndex2: -1
--- !u!114 &4356487666845796554
MonoBehaviour:
  m_ObjectHideFlags: 0
  m_CorrespondingSourceObject: {fileID: 0}
  m_PrefabInstance: {fileID: 0}
  m_PrefabAsset: {fileID: 0}
  m_GameObject: {fileID: 7419491471200264965}
  m_Enabled: 1
  m_EditorHideFlags: 0
  m_Script: {fileID: 11500000, guid: 816c52b73d7a1de4d8f07430f0420752, type: 3}
  m_Name: 
  m_EditorClassIdentifier: 
  partMeshType: legs
  setMaterialIndex: -1
  setMaterialIndex2: -1
--- !u!114 &7709150042684835306
MonoBehaviour:
  m_ObjectHideFlags: 0
  m_CorrespondingSourceObject: {fileID: 0}
  m_PrefabInstance: {fileID: 0}
  m_PrefabAsset: {fileID: 0}
  m_GameObject: {fileID: 8087784975677948043}
  m_Enabled: 1
  m_EditorHideFlags: 0
  m_Script: {fileID: 11500000, guid: 816c52b73d7a1de4d8f07430f0420752, type: 3}
  m_Name: 
  m_EditorClassIdentifier: 
  partMeshType: legs
  setMaterialIndex: -1
  setMaterialIndex2: -1
--- !u!114 &4660660663625948631
MonoBehaviour:
  m_ObjectHideFlags: 0
  m_CorrespondingSourceObject: {fileID: 0}
  m_PrefabInstance: {fileID: 0}
  m_PrefabAsset: {fileID: 0}
  m_GameObject: {fileID: 9060337038178256390}
  m_Enabled: 1
  m_EditorHideFlags: 0
  m_Script: {fileID: 11500000, guid: 816c52b73d7a1de4d8f07430f0420752, type: 3}
  m_Name: 
  m_EditorClassIdentifier: 
  partMeshType: legs2
  setMaterialIndex: -1
  setMaterialIndex2: -1
--- !u!114 &6979083632888957919
MonoBehaviour:
  m_ObjectHideFlags: 0
  m_CorrespondingSourceObject: {fileID: 0}
  m_PrefabInstance: {fileID: 0}
  m_PrefabAsset: {fileID: 0}
  m_GameObject: {fileID: 9099898350307579432}
  m_Enabled: 1
  m_EditorHideFlags: 0
  m_Script: {fileID: 11500000, guid: 816c52b73d7a1de4d8f07430f0420752, type: 3}
  m_Name: 
  m_EditorClassIdentifier: 
  partMeshType: legs2
  setMaterialIndex: -1
  setMaterialIndex2: -1
--- !u!114 &7618819270142019655
MonoBehaviour:
  m_ObjectHideFlags: 0
  m_CorrespondingSourceObject: {fileID: 0}
  m_PrefabInstance: {fileID: 0}
  m_PrefabAsset: {fileID: 0}
  m_GameObject: {fileID: 9107313818300775506}
  m_Enabled: 1
  m_EditorHideFlags: 0
  m_Script: {fileID: 11500000, guid: 816c52b73d7a1de4d8f07430f0420752, type: 3}
  m_Name: 
  m_EditorClassIdentifier: 
  partMeshType: legs
  setMaterialIndex: -1
  setMaterialIndex2: -1
--- !u!1001 &8812130013736412872
PrefabInstance:
  m_ObjectHideFlags: 0
  serializedVersion: 2
  m_Modification:
    m_TransformParent: {fileID: 5746965774294076090}
    m_Modifications:
    - target: {fileID: -927199367670048503, guid: e8f4aea6d1a2ded4ab750a6c9dcdd91c,
        type: 3}
      propertyPath: m_Name
      value: denv_HOCKER_615x605
      objectReference: {fileID: 0}
    - target: {fileID: -927199367670048503, guid: e8f4aea6d1a2ded4ab750a6c9dcdd91c,
        type: 3}
      propertyPath: m_Layer
      value: 9
      objectReference: {fileID: 0}
    - target: {fileID: 3399193953797455550, guid: e8f4aea6d1a2ded4ab750a6c9dcdd91c,
        type: 3}
      propertyPath: m_Layer
      value: 9
      objectReference: {fileID: 0}
    - target: {fileID: 2181070070896189152, guid: e8f4aea6d1a2ded4ab750a6c9dcdd91c,
        type: 3}
      propertyPath: m_Layer
      value: 9
      objectReference: {fileID: 0}
    - target: {fileID: 2181070070896189152, guid: e8f4aea6d1a2ded4ab750a6c9dcdd91c,
        type: 3}
      propertyPath: m_IsActive
      value: 0
      objectReference: {fileID: 0}
    - target: {fileID: 2927293216519220419, guid: e8f4aea6d1a2ded4ab750a6c9dcdd91c,
        type: 3}
      propertyPath: m_Layer
      value: 9
      objectReference: {fileID: 0}
    - target: {fileID: 8770597809787790842, guid: e8f4aea6d1a2ded4ab750a6c9dcdd91c,
        type: 3}
      propertyPath: m_Layer
      value: 9
      objectReference: {fileID: 0}
    - target: {fileID: 8770597809787790842, guid: e8f4aea6d1a2ded4ab750a6c9dcdd91c,
        type: 3}
      propertyPath: m_IsActive
      value: 1
      objectReference: {fileID: 0}
    - target: {fileID: 299863369337526938, guid: e8f4aea6d1a2ded4ab750a6c9dcdd91c,
        type: 3}
      propertyPath: m_Layer
      value: 9
      objectReference: {fileID: 0}
    - target: {fileID: -900070623462952876, guid: e8f4aea6d1a2ded4ab750a6c9dcdd91c,
        type: 3}
      propertyPath: m_Layer
      value: 9
      objectReference: {fileID: 0}
    - target: {fileID: -7152369722472823347, guid: e8f4aea6d1a2ded4ab750a6c9dcdd91c,
        type: 3}
      propertyPath: m_Layer
      value: 9
      objectReference: {fileID: 0}
    - target: {fileID: -8469181712900315581, guid: e8f4aea6d1a2ded4ab750a6c9dcdd91c,
        type: 3}
      propertyPath: m_Layer
      value: 9
      objectReference: {fileID: 0}
    - target: {fileID: -8934107187338399520, guid: e8f4aea6d1a2ded4ab750a6c9dcdd91c,
        type: 3}
      propertyPath: m_Layer
      value: 9
      objectReference: {fileID: 0}
    - target: {fileID: -8934107187338399520, guid: e8f4aea6d1a2ded4ab750a6c9dcdd91c,
        type: 3}
      propertyPath: m_IsActive
      value: 0
      objectReference: {fileID: 0}
    - target: {fileID: 8843702203272432187, guid: e8f4aea6d1a2ded4ab750a6c9dcdd91c,
        type: 3}
      propertyPath: m_Layer
      value: 9
      objectReference: {fileID: 0}
    - target: {fileID: 8843702203272432187, guid: e8f4aea6d1a2ded4ab750a6c9dcdd91c,
        type: 3}
      propertyPath: m_IsActive
      value: 0
      objectReference: {fileID: 0}
    - target: {fileID: -8649672126594342706, guid: e8f4aea6d1a2ded4ab750a6c9dcdd91c,
        type: 3}
      propertyPath: m_Layer
      value: 9
      objectReference: {fileID: 0}
    - target: {fileID: -8649672126594342706, guid: e8f4aea6d1a2ded4ab750a6c9dcdd91c,
        type: 3}
      propertyPath: m_IsActive
      value: 0
      objectReference: {fileID: 0}
    - target: {fileID: -6211352308682349416, guid: e8f4aea6d1a2ded4ab750a6c9dcdd91c,
        type: 3}
      propertyPath: m_Layer
      value: 9
      objectReference: {fileID: 0}
    - target: {fileID: -6211352308682349416, guid: e8f4aea6d1a2ded4ab750a6c9dcdd91c,
        type: 3}
      propertyPath: m_IsActive
      value: 0
      objectReference: {fileID: 0}
    - target: {fileID: -4216859302048453862, guid: e8f4aea6d1a2ded4ab750a6c9dcdd91c,
        type: 3}
      propertyPath: m_LocalPosition.x
      value: 0
      objectReference: {fileID: 0}
    - target: {fileID: -4216859302048453862, guid: e8f4aea6d1a2ded4ab750a6c9dcdd91c,
        type: 3}
      propertyPath: m_LocalPosition.y
      value: 0
      objectReference: {fileID: 0}
    - target: {fileID: -4216859302048453862, guid: e8f4aea6d1a2ded4ab750a6c9dcdd91c,
        type: 3}
      propertyPath: m_LocalPosition.z
      value: 0
      objectReference: {fileID: 0}
    - target: {fileID: -4216859302048453862, guid: e8f4aea6d1a2ded4ab750a6c9dcdd91c,
        type: 3}
      propertyPath: m_LocalRotation.x
      value: 0
      objectReference: {fileID: 0}
    - target: {fileID: -4216859302048453862, guid: e8f4aea6d1a2ded4ab750a6c9dcdd91c,
        type: 3}
      propertyPath: m_LocalRotation.y
      value: 0
      objectReference: {fileID: 0}
    - target: {fileID: -4216859302048453862, guid: e8f4aea6d1a2ded4ab750a6c9dcdd91c,
        type: 3}
      propertyPath: m_LocalRotation.z
      value: 0
      objectReference: {fileID: 0}
    - target: {fileID: -4216859302048453862, guid: e8f4aea6d1a2ded4ab750a6c9dcdd91c,
        type: 3}
      propertyPath: m_LocalRotation.w
      value: 1
      objectReference: {fileID: 0}
    - target: {fileID: -4216859302048453862, guid: e8f4aea6d1a2ded4ab750a6c9dcdd91c,
        type: 3}
      propertyPath: m_RootOrder
      value: 0
      objectReference: {fileID: 0}
    - target: {fileID: -4216859302048453862, guid: e8f4aea6d1a2ded4ab750a6c9dcdd91c,
        type: 3}
      propertyPath: m_LocalEulerAnglesHint.x
      value: 0
      objectReference: {fileID: 0}
    - target: {fileID: -4216859302048453862, guid: e8f4aea6d1a2ded4ab750a6c9dcdd91c,
        type: 3}
      propertyPath: m_LocalEulerAnglesHint.y
      value: 0
      objectReference: {fileID: 0}
    - target: {fileID: -4216859302048453862, guid: e8f4aea6d1a2ded4ab750a6c9dcdd91c,
        type: 3}
      propertyPath: m_LocalEulerAnglesHint.z
      value: 0
      objectReference: {fileID: 0}
    - target: {fileID: -2401549350341670627, guid: e8f4aea6d1a2ded4ab750a6c9dcdd91c,
        type: 3}
      propertyPath: m_Materials.Array.data[0]
      value: 
      objectReference: {fileID: 2100000, guid: ef0a40ef0c4155445bab600761bd9a08, type: 2}
    - target: {fileID: 4754320671645959452, guid: e8f4aea6d1a2ded4ab750a6c9dcdd91c,
        type: 3}
      propertyPath: m_Materials.Array.data[0]
      value: 
      objectReference: {fileID: 2100000, guid: ef0a40ef0c4155445bab600761bd9a08, type: 2}
    - target: {fileID: 4407605082594363486, guid: e8f4aea6d1a2ded4ab750a6c9dcdd91c,
        type: 3}
      propertyPath: m_Materials.Array.data[0]
      value: 
      objectReference: {fileID: 2100000, guid: 2abd7b2298a510a4aa3c01245cd0c1ec, type: 2}
    - target: {fileID: 4407605082594363486, guid: e8f4aea6d1a2ded4ab750a6c9dcdd91c,
        type: 3}
      propertyPath: m_Materials.Array.data[1]
      value: 
      objectReference: {fileID: 2100000, guid: 2abd7b2298a510a4aa3c01245cd0c1ec, type: 2}
    - target: {fileID: -4811666326900621631, guid: e8f4aea6d1a2ded4ab750a6c9dcdd91c,
        type: 3}
      propertyPath: m_Materials.Array.data[0]
      value: 
      objectReference: {fileID: 2100000, guid: ef0a40ef0c4155445bab600761bd9a08, type: 2}
    - target: {fileID: 1907456367873386522, guid: e8f4aea6d1a2ded4ab750a6c9dcdd91c,
        type: 3}
      propertyPath: m_Materials.Array.data[0]
      value: 
      objectReference: {fileID: 2100000, guid: ef0a40ef0c4155445bab600761bd9a08, type: 2}
    - target: {fileID: 1306262233221588692, guid: e8f4aea6d1a2ded4ab750a6c9dcdd91c,
        type: 3}
      propertyPath: m_Materials.Array.data[0]
      value: 
      objectReference: {fileID: 2100000, guid: ef0a40ef0c4155445bab600761bd9a08, type: 2}
    - target: {fileID: 1306262233221588692, guid: e8f4aea6d1a2ded4ab750a6c9dcdd91c,
        type: 3}
      propertyPath: m_Materials.Array.data[1]
      value: 
      objectReference: {fileID: 2100000, guid: ef0a40ef0c4155445bab600761bd9a08, type: 2}
    - target: {fileID: 1174041699064428736, guid: e8f4aea6d1a2ded4ab750a6c9dcdd91c,
        type: 3}
      propertyPath: m_Materials.Array.data[0]
      value: 
      objectReference: {fileID: 2100000, guid: ef0a40ef0c4155445bab600761bd9a08, type: 2}
    - target: {fileID: 1174041699064428736, guid: e8f4aea6d1a2ded4ab750a6c9dcdd91c,
        type: 3}
      propertyPath: m_Materials.Array.data[1]
      value: 
      objectReference: {fileID: 2100000, guid: ef0a40ef0c4155445bab600761bd9a08, type: 2}
    - target: {fileID: -8032910022048857510, guid: e8f4aea6d1a2ded4ab750a6c9dcdd91c,
        type: 3}
      propertyPath: m_Materials.Array.data[0]
      value: 
      objectReference: {fileID: 2100000, guid: ef0a40ef0c4155445bab600761bd9a08, type: 2}
    - target: {fileID: -8032910022048857510, guid: e8f4aea6d1a2ded4ab750a6c9dcdd91c,
        type: 3}
      propertyPath: m_Materials.Array.data[1]
      value: 
      objectReference: {fileID: 2100000, guid: ef0a40ef0c4155445bab600761bd9a08, type: 2}
    - target: {fileID: -8802349863578889127, guid: e8f4aea6d1a2ded4ab750a6c9dcdd91c,
        type: 3}
      propertyPath: m_Materials.Array.data[0]
      value: 
      objectReference: {fileID: 2100000, guid: ef0a40ef0c4155445bab600761bd9a08, type: 2}
    - target: {fileID: -8802349863578889127, guid: e8f4aea6d1a2ded4ab750a6c9dcdd91c,
        type: 3}
      propertyPath: m_Materials.Array.data[1]
      value: 
      objectReference: {fileID: 2100000, guid: ef0a40ef0c4155445bab600761bd9a08, type: 2}
    m_RemovedComponents: []
  m_SourcePrefab: {fileID: 100100000, guid: e8f4aea6d1a2ded4ab750a6c9dcdd91c, type: 3}
--- !u!4 &4553224167235292626 stripped
Transform:
  m_CorrespondingSourceObject: {fileID: -4216859302048453862, guid: e8f4aea6d1a2ded4ab750a6c9dcdd91c,
    type: 3}
  m_PrefabInstance: {fileID: 8812130013736412872}
  m_PrefabAsset: {fileID: 0}
--- !u!1 &6153787820458743926 stripped
GameObject:
  m_CorrespondingSourceObject: {fileID: 3399193953797455550, guid: e8f4aea6d1a2ded4ab750a6c9dcdd91c,
    type: 3}
  m_PrefabInstance: {fileID: 8812130013736412872}
  m_PrefabAsset: {fileID: 0}
--- !u!1 &7209785967732979752 stripped
GameObject:
  m_CorrespondingSourceObject: {fileID: 2181070070896189152, guid: e8f4aea6d1a2ded4ab750a6c9dcdd91c,
    type: 3}
  m_PrefabInstance: {fileID: 8812130013736412872}
  m_PrefabAsset: {fileID: 0}
--- !u!1 &287550544156377906 stripped
GameObject:
  m_CorrespondingSourceObject: {fileID: 8770597809787790842, guid: e8f4aea6d1a2ded4ab750a6c9dcdd91c,
    type: 3}
  m_PrefabInstance: {fileID: 8812130013736412872}
  m_PrefabAsset: {fileID: 0}
--- !u!1 &9107313818300775506 stripped
GameObject:
  m_CorrespondingSourceObject: {fileID: 299863369337526938, guid: e8f4aea6d1a2ded4ab750a6c9dcdd91c,
    type: 3}
  m_PrefabInstance: {fileID: 8812130013736412872}
  m_PrefabAsset: {fileID: 0}
--- !u!1 &705014579841259164 stripped
GameObject:
  m_CorrespondingSourceObject: {fileID: -900070623462952876, guid: e8f4aea6d1a2ded4ab750a6c9dcdd91c,
    type: 3}
  m_PrefabInstance: {fileID: 8812130013736412872}
  m_PrefabAsset: {fileID: 0}
--- !u!1 &7419491471200264965 stripped
GameObject:
  m_CorrespondingSourceObject: {fileID: -7152369722472823347, guid: e8f4aea6d1a2ded4ab750a6c9dcdd91c,
    type: 3}
  m_PrefabInstance: {fileID: 8812130013736412872}
  m_PrefabAsset: {fileID: 0}
--- !u!1 &8087784975677948043 stripped
GameObject:
  m_CorrespondingSourceObject: {fileID: -8469181712900315581, guid: e8f4aea6d1a2ded4ab750a6c9dcdd91c,
    type: 3}
  m_PrefabInstance: {fileID: 8812130013736412872}
  m_PrefabAsset: {fileID: 0}
--- !u!1 &9099898350307579432 stripped
GameObject:
  m_CorrespondingSourceObject: {fileID: -8934107187338399520, guid: e8f4aea6d1a2ded4ab750a6c9dcdd91c,
    type: 3}
  m_PrefabInstance: {fileID: 8812130013736412872}
  m_PrefabAsset: {fileID: 0}
--- !u!1 &68079300220660979 stripped
GameObject:
  m_CorrespondingSourceObject: {fileID: 8843702203272432187, guid: e8f4aea6d1a2ded4ab750a6c9dcdd91c,
    type: 3}
  m_PrefabInstance: {fileID: 8812130013736412872}
  m_PrefabAsset: {fileID: 0}
--- !u!1 &9060337038178256390 stripped
GameObject:
  m_CorrespondingSourceObject: {fileID: -8649672126594342706, guid: e8f4aea6d1a2ded4ab750a6c9dcdd91c,
    type: 3}
  m_PrefabInstance: {fileID: 8812130013736412872}
  m_PrefabAsset: {fileID: 0}
--- !u!1 &6018549023709758032 stripped
GameObject:
  m_CorrespondingSourceObject: {fileID: -6211352308682349416, guid: e8f4aea6d1a2ded4ab750a6c9dcdd91c,
    type: 3}
  m_PrefabInstance: {fileID: 8812130013736412872}
  m_PrefabAsset: {fileID: 0}
