%YAML 1.1
%TAG !u! tag:unity3d.com,2011:
--- !u!114 &4681506911880721918
MonoBehaviour:
  m_ObjectHideFlags: 0
  m_CorrespondingSourceObject: {fileID: 0}
  m_PrefabInstance: {fileID: 0}
  m_PrefabAsset: {fileID: 0}
  m_GameObject: {fileID: 5157040113964142350}
  m_Enabled: 1
  m_EditorHideFlags: 0
  m_Script: {fileID: 11500000, guid: 6babaae144bcc55458a5958fa7d6af9c, type: 3}
  m_Name: 
  m_EditorClassIdentifier: 
  optionalFunctions:
  - {fileID: 11400000, guid: c53afd1aceb3a194ab6025f7e52a77cd, type: 2}
  - {fileID: 11400000, guid: e3de8fb2553047b4fae5a44110a91cfb, type: 2}
--- !u!114 &1415795071175739457
MonoBehaviour:
  m_ObjectHideFlags: 0
  m_CorrespondingSourceObject: {fileID: 0}
  m_PrefabInstance: {fileID: 0}
  m_PrefabAsset: {fileID: 0}
  m_GameObject: {fileID: 1081953295642740596}
  m_Enabled: 1
  m_EditorHideFlags: 0
  m_Script: {fileID: 11500000, guid: 816c52b73d7a1de4d8f07430f0420752, type: 3}
  m_Name: 
  m_EditorClassIdentifier: 
  partMeshType: legs
  setMaterialIndex: -1
  setMaterialIndex2: -1
  sewing: 0
--- !u!64 &5246539948170295079
MeshCollider:
  m_ObjectHideFlags: 0
  m_CorrespondingSourceObject: {fileID: 0}
  m_PrefabInstance: {fileID: 0}
  m_PrefabAsset: {fileID: 0}
  m_GameObject: {fileID: 3291544872110560561}
  m_Material: {fileID: 0}
  m_IsTrigger: 0
  m_Enabled: 1
  serializedVersion: 3
  m_Convex: 0
  m_CookingOptions: 14
  m_Mesh: {fileID: -6108022485599654588, guid: ad74990b657038b44b6f651c8252d6f5, type: 3}
--- !u!114 &5795683053494528238
MonoBehaviour:
  m_ObjectHideFlags: 0
  m_CorrespondingSourceObject: {fileID: 0}
  m_PrefabInstance: {fileID: 0}
  m_PrefabAsset: {fileID: 0}
  m_GameObject: {fileID: 3291544872110560561}
  m_Enabled: 1
  m_EditorHideFlags: 0
  m_Script: {fileID: 11500000, guid: 816c52b73d7a1de4d8f07430f0420752, type: 3}
  m_Name: 
  m_EditorClassIdentifier: 
  partMeshType: main
  setMaterialIndex: -1
  setMaterialIndex2: -1
  sewing: 0
--- !u!64 &3392516074224131386
MeshCollider:
  m_ObjectHideFlags: 0
  m_CorrespondingSourceObject: {fileID: 0}
  m_PrefabInstance: {fileID: 0}
  m_PrefabAsset: {fileID: 0}
  m_GameObject: {fileID: 3729317052361559567}
  m_Material: {fileID: 0}
  m_IsTrigger: 0
  m_Enabled: 1
  serializedVersion: 3
  m_Convex: 0
  m_CookingOptions: 14
  m_Mesh: {fileID: -6451916853932186535, guid: ad74990b657038b44b6f651c8252d6f5, type: 3}
--- !u!114 &6275112856864987975
MonoBehaviour:
  m_ObjectHideFlags: 0
  m_CorrespondingSourceObject: {fileID: 0}
  m_PrefabInstance: {fileID: 0}
  m_PrefabAsset: {fileID: 0}
  m_GameObject: {fileID: 3729317052361559567}
  m_Enabled: 1
  m_EditorHideFlags: 0
  m_Script: {fileID: 11500000, guid: 816c52b73d7a1de4d8f07430f0420752, type: 3}
  m_Name: 
  m_EditorClassIdentifier: 
  partMeshType: main
  setMaterialIndex: -1
  setMaterialIndex2: -1
  sewing: 0
--- !u!1 &5378996800494098990
GameObject:
  m_ObjectHideFlags: 0
  m_CorrespondingSourceObject: {fileID: 0}
  m_PrefabInstance: {fileID: 0}
  m_PrefabAsset: {fileID: 0}
  serializedVersion: 6
  m_Component:
  - component: {fileID: 1894711004627633876}
  - component: {fileID: 4922098671496840356}
  m_Layer: 9
  m_Name: denv_ARM_2_P
  m_TagString: Untagged
  m_Icon: {fileID: 0}
  m_NavMeshLayer: 0
  m_StaticEditorFlags: 0
  m_IsActive: 1
--- !u!4 &1894711004627633876
Transform:
  m_ObjectHideFlags: 0
  m_CorrespondingSourceObject: {fileID: 0}
  m_PrefabInstance: {fileID: 0}
  m_PrefabAsset: {fileID: 0}
  m_GameObject: {fileID: 5378996800494098990}
  m_LocalRotation: {x: 0, y: 1, z: 0, w: 0}
  m_LocalPosition: {x: 0, y: 0, z: 0}
  m_LocalScale: {x: 1, y: 1, z: 1}
  m_Children:
  - {fileID: 5643078648597788404}
  m_Father: {fileID: 0}
  m_RootOrder: 0
  m_LocalEulerAnglesHint: {x: 0, y: 180, z: 0}
--- !u!114 &4922098671496840356
MonoBehaviour:
  m_ObjectHideFlags: 0
  m_CorrespondingSourceObject: {fileID: 0}
  m_PrefabInstance: {fileID: 0}
  m_PrefabAsset: {fileID: 0}
  m_GameObject: {fileID: 5378996800494098990}
  m_Enabled: 1
  m_EditorHideFlags: 0
  m_Script: {fileID: 11500000, guid: de305606890b87e42a58c187eba6fe10, type: 3}
  m_Name: 
  m_EditorClassIdentifier: 
  partName: "Podru\u010D 2"
  partNameCombinations: []
  partDescription: 
  partCategory: armr
  includeInDimensions: 1
  dimensions: {x: 0.22575459, y: 0.6241746, z: 0}
  image: {fileID: 21300000, guid: b12996dce7a7a304b959871b4bb9202c, type: 3}
  type: 0
  partPoints:
  - {fileID: 3846985220984913783}
  canBeStandalone: 0
  sewingNames: []
  OnPartPointConnect:
    m_PersistentCalls:
      m_Calls: []
  possibleOptionalFunctions:
  - {fileID: 11400000, guid: c53afd1aceb3a194ab6025f7e52a77cd, type: 2}
  - {fileID: 11400000, guid: 1cfbcf610acf14b47b0dfdc3bc2f4535, type: 2}
  - {fileID: 11400000, guid: e3de8fb2553047b4fae5a44110a91cfb, type: 2}
  selectedOptionalFunction: {fileID: 0}
--- !u!114 &3846985220984913783
MonoBehaviour:
  m_ObjectHideFlags: 0
  m_CorrespondingSourceObject: {fileID: 0}
  m_PrefabInstance: {fileID: 0}
  m_PrefabAsset: {fileID: 0}
  m_GameObject: {fileID: 6355602646242700269}
  m_Enabled: 1
  m_EditorHideFlags: 0
  m_Script: {fileID: 11500000, guid: 298df71d7d1c94f47a9df2b26686031c, type: 3}
  m_Name: 
  m_EditorClassIdentifier: 
  type: 0
  connection: r
  allowedCategories: []
  disallowedCategories: []
  partPointGUI: {fileID: 0}
  activateOnDisconnect: []
  connectedTo: {fileID: 0}
  part: {fileID: 0}
--- !u!114 &2576294158164363702
MonoBehaviour:
  m_ObjectHideFlags: 0
  m_CorrespondingSourceObject: {fileID: 0}
  m_PrefabInstance: {fileID: 0}
  m_PrefabAsset: {fileID: 0}
  m_GameObject: {fileID: 6702139437969295178}
  m_Enabled: 1
  m_EditorHideFlags: 0
  m_Script: {fileID: 11500000, guid: 816c52b73d7a1de4d8f07430f0420752, type: 3}
  m_Name: 
  m_EditorClassIdentifier: 
  partMeshType: legs2
  setMaterialIndex: -1
  setMaterialIndex2: -1
  sewing: 0
--- !u!114 &6427731700293719882
MonoBehaviour:
  m_ObjectHideFlags: 0
  m_CorrespondingSourceObject: {fileID: 0}
  m_PrefabInstance: {fileID: 0}
  m_PrefabAsset: {fileID: 0}
  m_GameObject: {fileID: 7275871141522347137}
  m_Enabled: 1
  m_EditorHideFlags: 0
  m_Script: {fileID: 11500000, guid: 816c52b73d7a1de4d8f07430f0420752, type: 3}
  m_Name: 
  m_EditorClassIdentifier: 
  partMeshType: legs2
  setMaterialIndex: -1
  setMaterialIndex2: -1
  sewing: 0
--- !u!114 &1731366041738152013
MonoBehaviour:
  m_ObjectHideFlags: 0
  m_CorrespondingSourceObject: {fileID: 0}
  m_PrefabInstance: {fileID: 0}
  m_PrefabAsset: {fileID: 0}
  m_GameObject: {fileID: 8694415023396842938}
  m_Enabled: 1
  m_EditorHideFlags: 0
  m_Script: {fileID: 11500000, guid: 816c52b73d7a1de4d8f07430f0420752, type: 3}
  m_Name: 
  m_EditorClassIdentifier: 
  partMeshType: legs
  setMaterialIndex: -1
  setMaterialIndex2: -1
  sewing: 0
--- !u!1001 &804608244434247150
PrefabInstance:
  m_ObjectHideFlags: 0
  serializedVersion: 2
  m_Modification:
    m_TransformParent: {fileID: 1894711004627633876}
    m_Modifications:
    - target: {fileID: -927199367670048503, guid: ad74990b657038b44b6f651c8252d6f5,
        type: 3}
      propertyPath: m_Name
      value: denv_ARM_2_P
      objectReference: {fileID: 0}
    - target: {fileID: -927199367670048503, guid: ad74990b657038b44b6f651c8252d6f5,
        type: 3}
      propertyPath: m_Layer
      value: 9
      objectReference: {fileID: 0}
    - target: {fileID: -3694088287114276128, guid: ad74990b657038b44b6f651c8252d6f5,
        type: 3}
      propertyPath: m_Layer
      value: 9
      objectReference: {fileID: 0}
    - target: {fileID: 4101575255574434785, guid: ad74990b657038b44b6f651c8252d6f5,
        type: 3}
      propertyPath: m_Layer
      value: 9
      objectReference: {fileID: 0}
    - target: {fileID: 2776293730535213279, guid: ad74990b657038b44b6f651c8252d6f5,
        type: 3}
      propertyPath: m_Layer
      value: 9
      objectReference: {fileID: 0}
    - target: {fileID: 2776293730535213279, guid: ad74990b657038b44b6f651c8252d6f5,
        type: 3}
      propertyPath: m_IsActive
      value: 0
      objectReference: {fileID: 0}
    - target: {fileID: -3235510869877148157, guid: ad74990b657038b44b6f651c8252d6f5,
        type: 3}
      propertyPath: m_Layer
      value: 9
      objectReference: {fileID: 0}
    - target: {fileID: 299863369337526938, guid: ad74990b657038b44b6f651c8252d6f5,
        type: 3}
      propertyPath: m_Layer
      value: 9
      objectReference: {fileID: 0}
    - target: {fileID: -900070623462952876, guid: ad74990b657038b44b6f651c8252d6f5,
        type: 3}
      propertyPath: m_Layer
      value: 9
      objectReference: {fileID: 0}
    - target: {fileID: -1165415605454632593, guid: ad74990b657038b44b6f651c8252d6f5,
        type: 3}
      propertyPath: m_Layer
      value: 9
      objectReference: {fileID: 0}
    - target: {fileID: -1165415605454632593, guid: ad74990b657038b44b6f651c8252d6f5,
        type: 3}
      propertyPath: m_IsActive
      value: 0
      objectReference: {fileID: 0}
    - target: {fileID: -3015086694428747100, guid: ad74990b657038b44b6f651c8252d6f5,
        type: 3}
      propertyPath: m_Layer
      value: 9
      objectReference: {fileID: 0}
    - target: {fileID: -3015086694428747100, guid: ad74990b657038b44b6f651c8252d6f5,
        type: 3}
      propertyPath: m_IsActive
      value: 0
      objectReference: {fileID: 0}
    - target: {fileID: -4216859302048453862, guid: ad74990b657038b44b6f651c8252d6f5,
        type: 3}
      propertyPath: m_LocalPosition.x
      value: 0
      objectReference: {fileID: 0}
    - target: {fileID: -4216859302048453862, guid: ad74990b657038b44b6f651c8252d6f5,
        type: 3}
      propertyPath: m_LocalPosition.y
      value: 0
      objectReference: {fileID: 0}
    - target: {fileID: -4216859302048453862, guid: ad74990b657038b44b6f651c8252d6f5,
        type: 3}
      propertyPath: m_LocalPosition.z
      value: 0
      objectReference: {fileID: 0}
    - target: {fileID: -4216859302048453862, guid: ad74990b657038b44b6f651c8252d6f5,
        type: 3}
      propertyPath: m_LocalRotation.x
      value: 0
      objectReference: {fileID: 0}
    - target: {fileID: -4216859302048453862, guid: ad74990b657038b44b6f651c8252d6f5,
        type: 3}
      propertyPath: m_LocalRotation.y
      value: 0
      objectReference: {fileID: 0}
    - target: {fileID: -4216859302048453862, guid: ad74990b657038b44b6f651c8252d6f5,
        type: 3}
      propertyPath: m_LocalRotation.z
      value: 0
      objectReference: {fileID: 0}
    - target: {fileID: -4216859302048453862, guid: ad74990b657038b44b6f651c8252d6f5,
        type: 3}
      propertyPath: m_LocalRotation.w
      value: 1
      objectReference: {fileID: 0}
    - target: {fileID: -4216859302048453862, guid: ad74990b657038b44b6f651c8252d6f5,
        type: 3}
      propertyPath: m_RootOrder
      value: 0
      objectReference: {fileID: 0}
    - target: {fileID: -4216859302048453862, guid: ad74990b657038b44b6f651c8252d6f5,
        type: 3}
      propertyPath: m_LocalEulerAnglesHint.x
      value: 0
      objectReference: {fileID: 0}
    - target: {fileID: -4216859302048453862, guid: ad74990b657038b44b6f651c8252d6f5,
        type: 3}
      propertyPath: m_LocalEulerAnglesHint.y
      value: 0
      objectReference: {fileID: 0}
    - target: {fileID: -4216859302048453862, guid: ad74990b657038b44b6f651c8252d6f5,
        type: 3}
      propertyPath: m_LocalEulerAnglesHint.z
      value: 0
      objectReference: {fileID: 0}
    - target: {fileID: -8802349863578889127, guid: ad74990b657038b44b6f651c8252d6f5,
        type: 3}
      propertyPath: m_Materials.Array.data[0]
      value: 
      objectReference: {fileID: 2100000, guid: ef0a40ef0c4155445bab600761bd9a08, type: 2}
    - target: {fileID: -8802349863578889127, guid: ad74990b657038b44b6f651c8252d6f5,
        type: 3}
      propertyPath: m_Materials.Array.data[1]
      value: 
      objectReference: {fileID: 2100000, guid: ef0a40ef0c4155445bab600761bd9a08, type: 2}
    - target: {fileID: 1174041699064428736, guid: ad74990b657038b44b6f651c8252d6f5,
        type: 3}
      propertyPath: m_Materials.Array.data[0]
      value: 
      objectReference: {fileID: 2100000, guid: ef0a40ef0c4155445bab600761bd9a08, type: 2}
    - target: {fileID: 1174041699064428736, guid: ad74990b657038b44b6f651c8252d6f5,
        type: 3}
      propertyPath: m_Materials.Array.data[1]
      value: 
      objectReference: {fileID: 2100000, guid: ef0a40ef0c4155445bab600761bd9a08, type: 2}
    - target: {fileID: -5770734238254128613, guid: ad74990b657038b44b6f651c8252d6f5,
        type: 3}
      propertyPath: m_Materials.Array.data[0]
      value: 
      objectReference: {fileID: 2100000, guid: ef0a40ef0c4155445bab600761bd9a08, type: 2}
    - target: {fileID: -6832405203551647160, guid: ad74990b657038b44b6f651c8252d6f5,
        type: 3}
      propertyPath: m_Materials.Array.data[0]
      value: 
      objectReference: {fileID: 2100000, guid: ef0a40ef0c4155445bab600761bd9a08, type: 2}
    - target: {fileID: -2868147031356345776, guid: ad74990b657038b44b6f651c8252d6f5,
        type: 3}
      propertyPath: m_Materials.Array.data[0]
      value: 
      objectReference: {fileID: 2100000, guid: 1c67c815f66d9d342a73b6552979ff21, type: 2}
    - target: {fileID: -2868147031356345776, guid: ad74990b657038b44b6f651c8252d6f5,
        type: 3}
      propertyPath: m_Materials.Array.data[1]
      value: 
      objectReference: {fileID: 2100000, guid: 1c67c815f66d9d342a73b6552979ff21, type: 2}
    - target: {fileID: -1172732715291361143, guid: ad74990b657038b44b6f651c8252d6f5,
        type: 3}
      propertyPath: m_Materials.Array.data[0]
      value: 
      objectReference: {fileID: 2100000, guid: 2abd7b2298a510a4aa3c01245cd0c1ec, type: 2}
    - target: {fileID: -1172732715291361143, guid: ad74990b657038b44b6f651c8252d6f5,
        type: 3}
      propertyPath: m_Materials.Array.data[1]
      value: 
      objectReference: {fileID: 2100000, guid: 2abd7b2298a510a4aa3c01245cd0c1ec, type: 2}
    - target: {fileID: -1172732715291361143, guid: ad74990b657038b44b6f651c8252d6f5,
        type: 3}
      propertyPath: m_Materials.Array.data[2]
      value: 
      objectReference: {fileID: 2100000, guid: 2abd7b2298a510a4aa3c01245cd0c1ec, type: 2}
    m_RemovedComponents: []
  m_SourcePrefab: {fileID: 100100000, guid: ad74990b657038b44b6f651c8252d6f5, type: 3}
--- !u!4 &5643078648597788404 stripped
Transform:
  m_CorrespondingSourceObject: {fileID: -4216859302048453862, guid: ad74990b657038b44b6f651c8252d6f5,
    type: 3}
  m_PrefabInstance: {fileID: 804608244434247150}
  m_PrefabAsset: {fileID: 0}
--- !u!1 &5157040113964142350 stripped
GameObject:
  m_CorrespondingSourceObject: {fileID: -3694088287114276128, guid: ad74990b657038b44b6f651c8252d6f5,
    type: 3}
  m_PrefabInstance: {fileID: 804608244434247150}
  m_PrefabAsset: {fileID: 0}
--- !u!1 &3729317052361559567 stripped
GameObject:
  m_CorrespondingSourceObject: {fileID: 4101575255574434785, guid: ad74990b657038b44b6f651c8252d6f5,
    type: 3}
  m_PrefabInstance: {fileID: 804608244434247150}
  m_PrefabAsset: {fileID: 0}
--- !u!1 &3291544872110560561 stripped
GameObject:
  m_CorrespondingSourceObject: {fileID: 2776293730535213279, guid: ad74990b657038b44b6f651c8252d6f5,
    type: 3}
  m_PrefabInstance: {fileID: 804608244434247150}
  m_PrefabAsset: {fileID: 0}
--- !u!1 &6355602646242700269 stripped
GameObject:
  m_CorrespondingSourceObject: {fileID: -3235510869877148157, guid: ad74990b657038b44b6f651c8252d6f5,
    type: 3}
  m_PrefabInstance: {fileID: 804608244434247150}
  m_PrefabAsset: {fileID: 0}
--- !u!1 &1081953295642740596 stripped
GameObject:
  m_CorrespondingSourceObject: {fileID: 299863369337526938, guid: ad74990b657038b44b6f651c8252d6f5,
    type: 3}
  m_PrefabInstance: {fileID: 804608244434247150}
  m_PrefabAsset: {fileID: 0}
--- !u!1 &8694415023396842938 stripped
GameObject:
  m_CorrespondingSourceObject: {fileID: -900070623462952876, guid: ad74990b657038b44b6f651c8252d6f5,
    type: 3}
  m_PrefabInstance: {fileID: 804608244434247150}
  m_PrefabAsset: {fileID: 0}
--- !u!1 &7275871141522347137 stripped
GameObject:
  m_CorrespondingSourceObject: {fileID: -1165415605454632593, guid: ad74990b657038b44b6f651c8252d6f5,
    type: 3}
  m_PrefabInstance: {fileID: 804608244434247150}
  m_PrefabAsset: {fileID: 0}
--- !u!1 &6702139437969295178 stripped
GameObject:
  m_CorrespondingSourceObject: {fileID: -3015086694428747100, guid: ad74990b657038b44b6f651c8252d6f5,
    type: 3}
  m_PrefabInstance: {fileID: 804608244434247150}
  m_PrefabAsset: {fileID: 0}
