%YAML 1.1
%TAG !u! tag:unity3d.com,2011:
--- !u!64 &8663762639768241915
MeshCollider:
  m_ObjectHideFlags: 0
  m_CorrespondingSourceObject: {fileID: 0}
  m_PrefabInstance: {fileID: 0}
  m_PrefabAsset: {fileID: 0}
  m_GameObject: {fileID: 123726595356997193}
  m_Material: {fileID: 0}
  m_IsTrigger: 0
  m_Enabled: 1
  serializedVersion: 3
  m_Convex: 0
  m_CookingOptions: 14
  m_Mesh: {fileID: 1447465462256528494, guid: f037752f3d8b54847ba0f91b2e767fe5, type: 3}
--- !u!114 &3842537442124979315
MonoBehaviour:
  m_ObjectHideFlags: 0
  m_CorrespondingSourceObject: {fileID: 0}
  m_PrefabInstance: {fileID: 0}
  m_PrefabAsset: {fileID: 0}
  m_GameObject: {fileID: 123726595356997193}
  m_Enabled: 1
  m_EditorHideFlags: 0
  m_Script: {fileID: 11500000, guid: 816c52b73d7a1de4d8f07430f0420752, type: 3}
  m_Name: 
  m_EditorClassIdentifier: 
  partMeshType: main
  setMaterialIndex: -1
  setMaterialIndex2: -1
  sewing: 0
--- !u!1 &493324909122137475
GameObject:
  m_ObjectHideFlags: 0
  m_CorrespondingSourceObject: {fileID: 0}
  m_PrefabInstance: {fileID: 0}
  m_PrefabAsset: {fileID: 0}
  serializedVersion: 6
  m_Component:
  - component: {fileID: 459853932911426745}
  - component: {fileID: 7816004445862740248}
  m_Layer: 9
  m_Name: denv_ARM_1_P
  m_TagString: Untagged
  m_Icon: {fileID: 0}
  m_NavMeshLayer: 0
  m_StaticEditorFlags: 0
  m_IsActive: 1
--- !u!4 &459853932911426745
Transform:
  m_ObjectHideFlags: 0
  m_CorrespondingSourceObject: {fileID: 0}
  m_PrefabInstance: {fileID: 0}
  m_PrefabAsset: {fileID: 0}
  m_GameObject: {fileID: 493324909122137475}
  m_LocalRotation: {x: 0, y: 1, z: 0, w: 0}
  m_LocalPosition: {x: 0, y: 0, z: 0}
  m_LocalScale: {x: 1, y: 1, z: 1}
  m_Children:
  - {fileID: 5271467658424980742}
  m_Father: {fileID: 0}
  m_RootOrder: 0
  m_LocalEulerAnglesHint: {x: 0, y: 180, z: 0}
--- !u!114 &7816004445862740248
MonoBehaviour:
  m_ObjectHideFlags: 0
  m_CorrespondingSourceObject: {fileID: 0}
  m_PrefabInstance: {fileID: 0}
  m_PrefabAsset: {fileID: 0}
  m_GameObject: {fileID: 493324909122137475}
  m_Enabled: 1
  m_EditorHideFlags: 0
  m_Script: {fileID: 11500000, guid: de305606890b87e42a58c187eba6fe10, type: 3}
  m_Name: 
  m_EditorClassIdentifier: 
  partName: "Podru\u010D 1"
  partNameCombinations: []
  partDescription: 
  partCategory: armr
  includeInDimensions: 1
  dimensions: {x: 0.20709844, y: 0.6240072, z: 0}
  image: {fileID: 21300000, guid: 8a44cc67b3953bf4e97f21d78e06de1f, type: 3}
  type: 0
  partPoints:
  - {fileID: 5704113872288793610}
  canBeStandalone: 0
  sewingNames: []
  OnPartPointConnect:
    m_PersistentCalls:
      m_Calls: []
  possibleOptionalFunctions:
  - {fileID: 11400000, guid: c53afd1aceb3a194ab6025f7e52a77cd, type: 2}
  - {fileID: 11400000, guid: 1cfbcf610acf14b47b0dfdc3bc2f4535, type: 2}
  - {fileID: 11400000, guid: e3de8fb2553047b4fae5a44110a91cfb, type: 2}
  selectedOptionalFunction: {fileID: 0}
--- !u!114 &2402935111508826362
MonoBehaviour:
  m_ObjectHideFlags: 0
  m_CorrespondingSourceObject: {fileID: 0}
  m_PrefabInstance: {fileID: 0}
  m_PrefabAsset: {fileID: 0}
  m_GameObject: {fileID: 599290944928747260}
  m_Enabled: 1
  m_EditorHideFlags: 0
  m_Script: {fileID: 11500000, guid: 816c52b73d7a1de4d8f07430f0420752, type: 3}
  m_Name: 
  m_EditorClassIdentifier: 
  partMeshType: legs2
  setMaterialIndex: -1
  setMaterialIndex2: -1
  sewing: 0
--- !u!114 &8811965432032262771
MonoBehaviour:
  m_ObjectHideFlags: 0
  m_CorrespondingSourceObject: {fileID: 0}
  m_PrefabInstance: {fileID: 0}
  m_PrefabAsset: {fileID: 0}
  m_GameObject: {fileID: 611331815696491654}
  m_Enabled: 1
  m_EditorHideFlags: 0
  m_Script: {fileID: 11500000, guid: 816c52b73d7a1de4d8f07430f0420752, type: 3}
  m_Name: 
  m_EditorClassIdentifier: 
  partMeshType: legs
  setMaterialIndex: -1
  setMaterialIndex2: -1
  sewing: 0
--- !u!114 &7655327412603203259
MonoBehaviour:
  m_ObjectHideFlags: 0
  m_CorrespondingSourceObject: {fileID: 0}
  m_PrefabInstance: {fileID: 0}
  m_PrefabAsset: {fileID: 0}
  m_GameObject: {fileID: 5940779169090231365}
  m_Enabled: 1
  m_EditorHideFlags: 0
  m_Script: {fileID: 11500000, guid: 6babaae144bcc55458a5958fa7d6af9c, type: 3}
  m_Name: 
  m_EditorClassIdentifier: 
  optionalFunctions:
  - {fileID: 11400000, guid: c53afd1aceb3a194ab6025f7e52a77cd, type: 2}
  - {fileID: 11400000, guid: e3de8fb2553047b4fae5a44110a91cfb, type: 2}
--- !u!64 &1387182014374580945
MeshCollider:
  m_ObjectHideFlags: 0
  m_CorrespondingSourceObject: {fileID: 0}
  m_PrefabInstance: {fileID: 0}
  m_PrefabAsset: {fileID: 0}
  m_GameObject: {fileID: 2230526008774256914}
  m_Material: {fileID: 0}
  m_IsTrigger: 0
  m_Enabled: 1
  serializedVersion: 3
  m_Convex: 0
  m_CookingOptions: 14
  m_Mesh: {fileID: -8130177916795776778, guid: f037752f3d8b54847ba0f91b2e767fe5, type: 3}
--- !u!114 &7301106157968371181
MonoBehaviour:
  m_ObjectHideFlags: 0
  m_CorrespondingSourceObject: {fileID: 0}
  m_PrefabInstance: {fileID: 0}
  m_PrefabAsset: {fileID: 0}
  m_GameObject: {fileID: 2230526008774256914}
  m_Enabled: 1
  m_EditorHideFlags: 0
  m_Script: {fileID: 11500000, guid: 816c52b73d7a1de4d8f07430f0420752, type: 3}
  m_Name: 
  m_EditorClassIdentifier: 
  partMeshType: main
  setMaterialIndex: -1
  setMaterialIndex2: -1
  sewing: 0
--- !u!114 &5704113872288793610
MonoBehaviour:
  m_ObjectHideFlags: 0
  m_CorrespondingSourceObject: {fileID: 0}
  m_PrefabInstance: {fileID: 0}
  m_PrefabAsset: {fileID: 0}
  m_GameObject: {fileID: 6385985886112332411}
  m_Enabled: 1
  m_EditorHideFlags: 0
  m_Script: {fileID: 11500000, guid: 298df71d7d1c94f47a9df2b26686031c, type: 3}
  m_Name: 
  m_EditorClassIdentifier: 
  type: 0
  connection: r
  allowedCategories: []
  disallowedCategories: []
  partPointGUI: {fileID: 0}
  activateOnDisconnect: []
  connectedTo: {fileID: 0}
  part: {fileID: 0}
--- !u!114 &299734345748848999
MonoBehaviour:
  m_ObjectHideFlags: 0
  m_CorrespondingSourceObject: {fileID: 0}
  m_PrefabInstance: {fileID: 0}
  m_PrefabAsset: {fileID: 0}
  m_GameObject: {fileID: 8568541828815303719}
  m_Enabled: 1
  m_EditorHideFlags: 0
  m_Script: {fileID: 11500000, guid: 816c52b73d7a1de4d8f07430f0420752, type: 3}
  m_Name: 
  m_EditorClassIdentifier: 
  partMeshType: legs2
  setMaterialIndex: -1
  setMaterialIndex2: -1
  sewing: 0
--- !u!114 &7118396981703425680
MonoBehaviour:
  m_ObjectHideFlags: 0
  m_CorrespondingSourceObject: {fileID: 0}
  m_PrefabInstance: {fileID: 0}
  m_PrefabAsset: {fileID: 0}
  m_GameObject: {fileID: 9210135703818718792}
  m_Enabled: 1
  m_EditorHideFlags: 0
  m_Script: {fileID: 11500000, guid: 816c52b73d7a1de4d8f07430f0420752, type: 3}
  m_Name: 
  m_EditorClassIdentifier: 
  partMeshType: legs
  setMaterialIndex: -1
  setMaterialIndex2: -1
  sewing: 0
--- !u!1001 &887973465028050460
PrefabInstance:
  m_ObjectHideFlags: 0
  serializedVersion: 2
  m_Modification:
    m_TransformParent: {fileID: 459853932911426745}
    m_Modifications:
    - target: {fileID: -927199367670048503, guid: f037752f3d8b54847ba0f91b2e767fe5,
        type: 3}
      propertyPath: m_Name
      value: denv_ARM_1_P
      objectReference: {fileID: 0}
    - target: {fileID: -927199367670048503, guid: f037752f3d8b54847ba0f91b2e767fe5,
        type: 3}
      propertyPath: m_Layer
      value: 9
      objectReference: {fileID: 0}
    - target: {fileID: 6783357843502391897, guid: f037752f3d8b54847ba0f91b2e767fe5,
        type: 3}
      propertyPath: m_Layer
      value: 9
      objectReference: {fileID: 0}
    - target: {fileID: 1344004252380059406, guid: f037752f3d8b54847ba0f91b2e767fe5,
        type: 3}
      propertyPath: m_Layer
      value: 9
      objectReference: {fileID: 0}
    - target: {fileID: -8222122080741783467, guid: f037752f3d8b54847ba0f91b2e767fe5,
        type: 3}
      propertyPath: m_Layer
      value: 9
      objectReference: {fileID: 0}
    - target: {fileID: -8222122080741783467, guid: f037752f3d8b54847ba0f91b2e767fe5,
        type: 3}
      propertyPath: m_IsActive
      value: 0
      objectReference: {fileID: 0}
    - target: {fileID: 6110579290575340647, guid: f037752f3d8b54847ba0f91b2e767fe5,
        type: 3}
      propertyPath: m_Layer
      value: 9
      objectReference: {fileID: 0}
    - target: {fileID: 299863369337526938, guid: f037752f3d8b54847ba0f91b2e767fe5,
        type: 3}
      propertyPath: m_Layer
      value: 9
      objectReference: {fileID: 0}
    - target: {fileID: -900070623462952876, guid: f037752f3d8b54847ba0f91b2e767fe5,
        type: 3}
      propertyPath: m_Layer
      value: 9
      objectReference: {fileID: 0}
    - target: {fileID: -8934107187338399520, guid: f037752f3d8b54847ba0f91b2e767fe5,
        type: 3}
      propertyPath: m_Layer
      value: 9
      objectReference: {fileID: 0}
    - target: {fileID: -8934107187338399520, guid: f037752f3d8b54847ba0f91b2e767fe5,
        type: 3}
      propertyPath: m_IsActive
      value: 0
      objectReference: {fileID: 0}
    - target: {fileID: 8843702203272432187, guid: f037752f3d8b54847ba0f91b2e767fe5,
        type: 3}
      propertyPath: m_Layer
      value: 9
      objectReference: {fileID: 0}
    - target: {fileID: 8843702203272432187, guid: f037752f3d8b54847ba0f91b2e767fe5,
        type: 3}
      propertyPath: m_IsActive
      value: 0
      objectReference: {fileID: 0}
    - target: {fileID: -4216859302048453862, guid: f037752f3d8b54847ba0f91b2e767fe5,
        type: 3}
      propertyPath: m_LocalPosition.x
      value: 0
      objectReference: {fileID: 0}
    - target: {fileID: -4216859302048453862, guid: f037752f3d8b54847ba0f91b2e767fe5,
        type: 3}
      propertyPath: m_LocalPosition.y
      value: 0
      objectReference: {fileID: 0}
    - target: {fileID: -4216859302048453862, guid: f037752f3d8b54847ba0f91b2e767fe5,
        type: 3}
      propertyPath: m_LocalPosition.z
      value: 0
      objectReference: {fileID: 0}
    - target: {fileID: -4216859302048453862, guid: f037752f3d8b54847ba0f91b2e767fe5,
        type: 3}
      propertyPath: m_LocalRotation.x
      value: 0
      objectReference: {fileID: 0}
    - target: {fileID: -4216859302048453862, guid: f037752f3d8b54847ba0f91b2e767fe5,
        type: 3}
      propertyPath: m_LocalRotation.y
      value: 0
      objectReference: {fileID: 0}
    - target: {fileID: -4216859302048453862, guid: f037752f3d8b54847ba0f91b2e767fe5,
        type: 3}
      propertyPath: m_LocalRotation.z
      value: 0
      objectReference: {fileID: 0}
    - target: {fileID: -4216859302048453862, guid: f037752f3d8b54847ba0f91b2e767fe5,
        type: 3}
      propertyPath: m_LocalRotation.w
      value: 1
      objectReference: {fileID: 0}
    - target: {fileID: -4216859302048453862, guid: f037752f3d8b54847ba0f91b2e767fe5,
        type: 3}
      propertyPath: m_RootOrder
      value: 0
      objectReference: {fileID: 0}
    - target: {fileID: -4216859302048453862, guid: f037752f3d8b54847ba0f91b2e767fe5,
        type: 3}
      propertyPath: m_LocalEulerAnglesHint.x
      value: 0
      objectReference: {fileID: 0}
    - target: {fileID: -4216859302048453862, guid: f037752f3d8b54847ba0f91b2e767fe5,
        type: 3}
      propertyPath: m_LocalEulerAnglesHint.y
      value: 0
      objectReference: {fileID: 0}
    - target: {fileID: -4216859302048453862, guid: f037752f3d8b54847ba0f91b2e767fe5,
        type: 3}
      propertyPath: m_LocalEulerAnglesHint.z
      value: 0
      objectReference: {fileID: 0}
    - target: {fileID: -8802349863578889127, guid: f037752f3d8b54847ba0f91b2e767fe5,
        type: 3}
      propertyPath: m_Materials.Array.data[0]
      value: 
      objectReference: {fileID: 2100000, guid: ef0a40ef0c4155445bab600761bd9a08, type: 2}
    - target: {fileID: -8802349863578889127, guid: f037752f3d8b54847ba0f91b2e767fe5,
        type: 3}
      propertyPath: m_Materials.Array.data[1]
      value: 
      objectReference: {fileID: 2100000, guid: ef0a40ef0c4155445bab600761bd9a08, type: 2}
    - target: {fileID: 1907456367873386522, guid: f037752f3d8b54847ba0f91b2e767fe5,
        type: 3}
      propertyPath: m_Materials.Array.data[0]
      value: 
      objectReference: {fileID: 2100000, guid: ef0a40ef0c4155445bab600761bd9a08, type: 2}
    - target: {fileID: 1174041699064428736, guid: f037752f3d8b54847ba0f91b2e767fe5,
        type: 3}
      propertyPath: m_Materials.Array.data[0]
      value: 
      objectReference: {fileID: 2100000, guid: ef0a40ef0c4155445bab600761bd9a08, type: 2}
    - target: {fileID: 1174041699064428736, guid: f037752f3d8b54847ba0f91b2e767fe5,
        type: 3}
      propertyPath: m_Materials.Array.data[1]
      value: 
      objectReference: {fileID: 2100000, guid: ef0a40ef0c4155445bab600761bd9a08, type: 2}
    - target: {fileID: -7939868714597050120, guid: f037752f3d8b54847ba0f91b2e767fe5,
        type: 3}
      propertyPath: m_Materials.Array.data[0]
      value: 
      objectReference: {fileID: 2100000, guid: 2abd7b2298a510a4aa3c01245cd0c1ec, type: 2}
    - target: {fileID: -7939868714597050120, guid: f037752f3d8b54847ba0f91b2e767fe5,
        type: 3}
      propertyPath: m_Materials.Array.data[1]
      value: 
      objectReference: {fileID: 2100000, guid: 2abd7b2298a510a4aa3c01245cd0c1ec, type: 2}
    - target: {fileID: -7939868714597050120, guid: f037752f3d8b54847ba0f91b2e767fe5,
        type: 3}
      propertyPath: m_Materials.Array.data[2]
      value: 
      objectReference: {fileID: 2100000, guid: 2abd7b2298a510a4aa3c01245cd0c1ec, type: 2}
    - target: {fileID: -7786980261620198454, guid: f037752f3d8b54847ba0f91b2e767fe5,
        type: 3}
      propertyPath: m_Materials.Array.data[0]
      value: 
      objectReference: {fileID: 2100000, guid: 1c67c815f66d9d342a73b6552979ff21, type: 2}
    - target: {fileID: -7786980261620198454, guid: f037752f3d8b54847ba0f91b2e767fe5,
        type: 3}
      propertyPath: m_Materials.Array.data[1]
      value: 
      objectReference: {fileID: 2100000, guid: 1c67c815f66d9d342a73b6552979ff21, type: 2}
    - target: {fileID: 4754320671645959452, guid: f037752f3d8b54847ba0f91b2e767fe5,
        type: 3}
      propertyPath: m_Materials.Array.data[0]
      value: 
      objectReference: {fileID: 2100000, guid: ef0a40ef0c4155445bab600761bd9a08, type: 2}
    m_RemovedComponents: []
  m_SourcePrefab: {fileID: 100100000, guid: f037752f3d8b54847ba0f91b2e767fe5, type: 3}
--- !u!4 &5271467658424980742 stripped
Transform:
  m_CorrespondingSourceObject: {fileID: -4216859302048453862, guid: f037752f3d8b54847ba0f91b2e767fe5,
    type: 3}
  m_PrefabInstance: {fileID: 887973465028050460}
  m_PrefabAsset: {fileID: 0}
--- !u!1 &5940779169090231365 stripped
GameObject:
  m_CorrespondingSourceObject: {fileID: 6783357843502391897, guid: f037752f3d8b54847ba0f91b2e767fe5,
    type: 3}
  m_PrefabInstance: {fileID: 887973465028050460}
  m_PrefabAsset: {fileID: 0}
--- !u!1 &2230526008774256914 stripped
GameObject:
  m_CorrespondingSourceObject: {fileID: 1344004252380059406, guid: f037752f3d8b54847ba0f91b2e767fe5,
    type: 3}
  m_PrefabInstance: {fileID: 887973465028050460}
  m_PrefabAsset: {fileID: 0}
--- !u!1 &123726595356997193 stripped
GameObject:
  m_CorrespondingSourceObject: {fileID: -8222122080741783467, guid: f037752f3d8b54847ba0f91b2e767fe5,
    type: 3}
  m_PrefabInstance: {fileID: 887973465028050460}
  m_PrefabAsset: {fileID: 0}
--- !u!1 &6385985886112332411 stripped
GameObject:
  m_CorrespondingSourceObject: {fileID: 6110579290575340647, guid: f037752f3d8b54847ba0f91b2e767fe5,
    type: 3}
  m_PrefabInstance: {fileID: 887973465028050460}
  m_PrefabAsset: {fileID: 0}
--- !u!1 &611331815696491654 stripped
GameObject:
  m_CorrespondingSourceObject: {fileID: 299863369337526938, guid: f037752f3d8b54847ba0f91b2e767fe5,
    type: 3}
  m_PrefabInstance: {fileID: 887973465028050460}
  m_PrefabAsset: {fileID: 0}
--- !u!1 &9210135703818718792 stripped
GameObject:
  m_CorrespondingSourceObject: {fileID: -900070623462952876, guid: f037752f3d8b54847ba0f91b2e767fe5,
    type: 3}
  m_PrefabInstance: {fileID: 887973465028050460}
  m_PrefabAsset: {fileID: 0}
--- !u!1 &599290944928747260 stripped
GameObject:
  m_CorrespondingSourceObject: {fileID: -8934107187338399520, guid: f037752f3d8b54847ba0f91b2e767fe5,
    type: 3}
  m_PrefabInstance: {fileID: 887973465028050460}
  m_PrefabAsset: {fileID: 0}
--- !u!1 &8568541828815303719 stripped
GameObject:
  m_CorrespondingSourceObject: {fileID: 8843702203272432187, guid: f037752f3d8b54847ba0f91b2e767fe5,
    type: 3}
  m_PrefabInstance: {fileID: 887973465028050460}
  m_PrefabAsset: {fileID: 0}
