%YAML 1.1
%TAG !u! tag:unity3d.com,2011:
--- !u!1 &577624616395410412
GameObject:
  m_ObjectHideFlags: 0
  m_CorrespondingSourceObject: {fileID: 0}
  m_PrefabInstance: {fileID: 0}
  m_PrefabAsset: {fileID: 0}
  serializedVersion: 6
  m_Component:
  - component: {fileID: 7264903081283753605}
  - component: {fileID: 6212174630803601576}
  m_Layer: 9
  m_Name: opierka
  m_TagString: Untagged
  m_Icon: {fileID: 0}
  m_NavMeshLayer: 0
  m_StaticEditorFlags: 0
  m_IsActive: 1
--- !u!4 &7264903081283753605
Transform:
  m_ObjectHideFlags: 0
  m_CorrespondingSourceObject: {fileID: 0}
  m_PrefabInstance: {fileID: 0}
  m_PrefabAsset: {fileID: 0}
  m_GameObject: {fileID: 577624616395410412}
  m_LocalRotation: {x: 0, y: 1, z: 0, w: 0}
  m_LocalPosition: {x: 0, y: 0, z: 0}
  m_LocalScale: {x: 1, y: 1, z: 1}
  m_Children:
  - {fileID: 778729096448023226}
  m_Father: {fileID: 0}
  m_RootOrder: 0
  m_LocalEulerAnglesHint: {x: 0, y: 180, z: 0}
--- !u!114 &6212174630803601576
MonoBehaviour:
  m_ObjectHideFlags: 0
  m_CorrespondingSourceObject: {fileID: 0}
  m_PrefabInstance: {fileID: 0}
  m_PrefabAsset: {fileID: 0}
  m_GameObject: {fileID: 577624616395410412}
  m_Enabled: 1
  m_EditorHideFlags: 0
  m_Script: {fileID: 11500000, guid: de305606890b87e42a58c187eba6fe10, type: 3}
  m_Name: 
  m_EditorClassIdentifier: 
  partName: Opierka
  partDescription: 
  dimensions: {x: 0.27, y: 0, z: 0.98}
  image: {fileID: 21300000, guid: fb2c03de84d9d074c978f7359459c1e3, type: 3}
  type: 0
  partPoints:
  - {fileID: 3093227973167104504}
  - {fileID: 7884945211287094400}
  canBeStandalone: 1
  OnPartPointConnect:
    m_PersistentCalls:
      m_Calls: []
    m_TypeName: UnityEngine.Events.UnityEvent, UnityEngine.CoreModule, Version=0.0.0.0,
      Culture=neutral, PublicKeyToken=null
--- !u!64 &2340375900502528865
MeshCollider:
  m_ObjectHideFlags: 0
  m_CorrespondingSourceObject: {fileID: 0}
  m_PrefabInstance: {fileID: 0}
  m_PrefabAsset: {fileID: 0}
  m_GameObject: {fileID: 778729096448050832}
  m_Material: {fileID: 0}
  m_IsTrigger: 0
  m_Enabled: 1
  serializedVersion: 3
  m_Convex: 0
  m_CookingOptions: 14
  m_Mesh: {fileID: 4300002, guid: 0cda4f2540a1f8d45bcb4b5a070e1781, type: 3}
--- !u!64 &3138622114138543404
MeshCollider:
  m_ObjectHideFlags: 0
  m_CorrespondingSourceObject: {fileID: 0}
  m_PrefabInstance: {fileID: 0}
  m_PrefabAsset: {fileID: 0}
  m_GameObject: {fileID: 778729096448050832}
  m_Material: {fileID: 0}
  m_IsTrigger: 0
  m_Enabled: 1
  serializedVersion: 3
  m_Convex: 0
  m_CookingOptions: 14
  m_Mesh: {fileID: 4300002, guid: 0cda4f2540a1f8d45bcb4b5a070e1781, type: 3}
--- !u!114 &3726448454646886531
MonoBehaviour:
  m_ObjectHideFlags: 0
  m_CorrespondingSourceObject: {fileID: 0}
  m_PrefabInstance: {fileID: 0}
  m_PrefabAsset: {fileID: 0}
  m_GameObject: {fileID: 778729096448050832}
  m_Enabled: 1
  m_EditorHideFlags: 0
  m_Script: {fileID: 11500000, guid: 816c52b73d7a1de4d8f07430f0420752, type: 3}
  m_Name: 
  m_EditorClassIdentifier: 
  partMeshType: main
  setMaterialIndex: -1
--- !u!114 &7884945211287094400
MonoBehaviour:
  m_ObjectHideFlags: 0
  m_CorrespondingSourceObject: {fileID: 0}
  m_PrefabInstance: {fileID: 0}
  m_PrefabAsset: {fileID: 0}
  m_GameObject: {fileID: 778729096448050836}
  m_Enabled: 1
  m_EditorHideFlags: 0
  m_Script: {fileID: 11500000, guid: 298df71d7d1c94f47a9df2b26686031c, type: 3}
  m_Name: 
  m_EditorClassIdentifier: 
  type: 0
  connection: r
  partPointGUI: {fileID: 0}
  activateOnDisconnect: []
  connectedTo: {fileID: 0}
  part: {fileID: 0}
--- !u!114 &8378849519155840267
MonoBehaviour:
  m_ObjectHideFlags: 0
  m_CorrespondingSourceObject: {fileID: 0}
  m_PrefabInstance: {fileID: 0}
  m_PrefabAsset: {fileID: 0}
  m_GameObject: {fileID: 778729096448050838}
  m_Enabled: 1
  m_EditorHideFlags: 0
  m_Script: {fileID: 11500000, guid: 816c52b73d7a1de4d8f07430f0420752, type: 3}
  m_Name: 
  m_EditorClassIdentifier: 
  partMeshType: legs
  setMaterialIndex: -1
--- !u!114 &3093227973167104504
MonoBehaviour:
  m_ObjectHideFlags: 0
  m_CorrespondingSourceObject: {fileID: 0}
  m_PrefabInstance: {fileID: 0}
  m_PrefabAsset: {fileID: 0}
  m_GameObject: {fileID: 778729096448050846}
  m_Enabled: 1
  m_EditorHideFlags: 0
  m_Script: {fileID: 11500000, guid: 298df71d7d1c94f47a9df2b26686031c, type: 3}
  m_Name: 
  m_EditorClassIdentifier: 
  type: 0
  connection: l
  partPointGUI: {fileID: 0}
  activateOnDisconnect: []
  connectedTo: {fileID: 0}
  part: {fileID: 0}
--- !u!1001 &778729096448147516
PrefabInstance:
  m_ObjectHideFlags: 0
  serializedVersion: 2
  m_Modification:
    m_TransformParent: {fileID: 7264903081283753605}
    m_Modifications:
    - target: {fileID: 100006, guid: 0cda4f2540a1f8d45bcb4b5a070e1781, type: 3}
      propertyPath: m_Name
      value: opierka
      objectReference: {fileID: 0}
    - target: {fileID: 100006, guid: 0cda4f2540a1f8d45bcb4b5a070e1781, type: 3}
      propertyPath: m_Layer
      value: 9
      objectReference: {fileID: 0}
    - target: {fileID: 100002, guid: 0cda4f2540a1f8d45bcb4b5a070e1781, type: 3}
      propertyPath: m_Layer
      value: 9
      objectReference: {fileID: 0}
    - target: {fileID: 100008, guid: 0cda4f2540a1f8d45bcb4b5a070e1781, type: 3}
      propertyPath: m_Layer
      value: 9
      objectReference: {fileID: 0}
    - target: {fileID: 100010, guid: 0cda4f2540a1f8d45bcb4b5a070e1781, type: 3}
      propertyPath: m_Layer
      value: 9
      objectReference: {fileID: 0}
    - target: {fileID: 100012, guid: 0cda4f2540a1f8d45bcb4b5a070e1781, type: 3}
      propertyPath: m_Layer
      value: 9
      objectReference: {fileID: 0}
    - target: {fileID: 400006, guid: 0cda4f2540a1f8d45bcb4b5a070e1781, type: 3}
      propertyPath: m_LocalPosition.x
      value: 0
      objectReference: {fileID: 0}
    - target: {fileID: 400006, guid: 0cda4f2540a1f8d45bcb4b5a070e1781, type: 3}
      propertyPath: m_LocalPosition.y
      value: 0
      objectReference: {fileID: 0}
    - target: {fileID: 400006, guid: 0cda4f2540a1f8d45bcb4b5a070e1781, type: 3}
      propertyPath: m_LocalPosition.z
      value: 0
      objectReference: {fileID: 0}
    - target: {fileID: 400006, guid: 0cda4f2540a1f8d45bcb4b5a070e1781, type: 3}
      propertyPath: m_LocalRotation.x
      value: 0
      objectReference: {fileID: 0}
    - target: {fileID: 400006, guid: 0cda4f2540a1f8d45bcb4b5a070e1781, type: 3}
      propertyPath: m_LocalRotation.y
      value: 0
      objectReference: {fileID: 0}
    - target: {fileID: 400006, guid: 0cda4f2540a1f8d45bcb4b5a070e1781, type: 3}
      propertyPath: m_LocalRotation.z
      value: 0
      objectReference: {fileID: 0}
    - target: {fileID: 400006, guid: 0cda4f2540a1f8d45bcb4b5a070e1781, type: 3}
      propertyPath: m_LocalRotation.w
      value: 1
      objectReference: {fileID: 0}
    - target: {fileID: 400006, guid: 0cda4f2540a1f8d45bcb4b5a070e1781, type: 3}
      propertyPath: m_RootOrder
      value: 0
      objectReference: {fileID: 0}
    - target: {fileID: 400006, guid: 0cda4f2540a1f8d45bcb4b5a070e1781, type: 3}
      propertyPath: m_LocalEulerAnglesHint.x
      value: 0
      objectReference: {fileID: 0}
    - target: {fileID: 400006, guid: 0cda4f2540a1f8d45bcb4b5a070e1781, type: 3}
      propertyPath: m_LocalEulerAnglesHint.y
      value: 0
      objectReference: {fileID: 0}
    - target: {fileID: 400006, guid: 0cda4f2540a1f8d45bcb4b5a070e1781, type: 3}
      propertyPath: m_LocalEulerAnglesHint.z
      value: 0
      objectReference: {fileID: 0}
    - target: {fileID: 2300002, guid: 0cda4f2540a1f8d45bcb4b5a070e1781, type: 3}
      propertyPath: m_Materials.Array.data[0]
      value: 
      objectReference: {fileID: 2100000, guid: 1c67c815f66d9d342a73b6552979ff21, type: 2}
    - target: {fileID: 100004, guid: 0cda4f2540a1f8d45bcb4b5a070e1781, type: 3}
      propertyPath: m_Layer
      value: 9
      objectReference: {fileID: 0}
    m_RemovedComponents: []
  m_SourcePrefab: {fileID: 100100000, guid: 0cda4f2540a1f8d45bcb4b5a070e1781, type: 3}
--- !u!4 &778729096448023226 stripped
Transform:
  m_CorrespondingSourceObject: {fileID: 400006, guid: 0cda4f2540a1f8d45bcb4b5a070e1781,
    type: 3}
  m_PrefabInstance: {fileID: 778729096448147516}
  m_PrefabAsset: {fileID: 0}
--- !u!1 &778729096448050846 stripped
GameObject:
  m_CorrespondingSourceObject: {fileID: 100002, guid: 0cda4f2540a1f8d45bcb4b5a070e1781,
    type: 3}
  m_PrefabInstance: {fileID: 778729096448147516}
  m_PrefabAsset: {fileID: 0}
--- !u!1 &778729096448050836 stripped
GameObject:
  m_CorrespondingSourceObject: {fileID: 100008, guid: 0cda4f2540a1f8d45bcb4b5a070e1781,
    type: 3}
  m_PrefabInstance: {fileID: 778729096448147516}
  m_PrefabAsset: {fileID: 0}
--- !u!1 &778729096448050838 stripped
GameObject:
  m_CorrespondingSourceObject: {fileID: 100010, guid: 0cda4f2540a1f8d45bcb4b5a070e1781,
    type: 3}
  m_PrefabInstance: {fileID: 778729096448147516}
  m_PrefabAsset: {fileID: 0}
--- !u!1 &778729096448050832 stripped
GameObject:
  m_CorrespondingSourceObject: {fileID: 100012, guid: 0cda4f2540a1f8d45bcb4b5a070e1781,
    type: 3}
  m_PrefabInstance: {fileID: 778729096448147516}
  m_PrefabAsset: {fileID: 0}
