%YAML 1.1
%TAG !u! tag:unity3d.com,2011:
--- !u!1 &577624616395410412
GameObject:
  m_ObjectHideFlags: 0
  m_CorrespondingSourceObject: {fileID: 0}
  m_PrefabInstance: {fileID: 0}
  m_PrefabAsset: {fileID: 0}
  serializedVersion: 6
  m_Component:
  - component: {fileID: 7264903081283753605}
  - component: {fileID: 6212174630803601576}
  m_Layer: 9
  m_Name: rohova_cast
  m_TagString: Untagged
  m_Icon: {fileID: 0}
  m_NavMeshLayer: 0
  m_StaticEditorFlags: 0
  m_IsActive: 1
--- !u!4 &7264903081283753605
Transform:
  m_ObjectHideFlags: 0
  m_CorrespondingSourceObject: {fileID: 0}
  m_PrefabInstance: {fileID: 0}
  m_PrefabAsset: {fileID: 0}
  m_GameObject: {fileID: 577624616395410412}
  m_LocalRotation: {x: 0, y: 1, z: 0, w: 0}
  m_LocalPosition: {x: 0, y: 0, z: 0}
  m_LocalScale: {x: 1, y: 1, z: 1}
  m_Children:
  - {fileID: 7193351325353841327}
  m_Father: {fileID: 0}
  m_RootOrder: 0
  m_LocalEulerAnglesHint: {x: 0, y: 180, z: 0}
--- !u!114 &6212174630803601576
MonoBehaviour:
  m_ObjectHideFlags: 0
  m_CorrespondingSourceObject: {fileID: 0}
  m_PrefabInstance: {fileID: 0}
  m_PrefabAsset: {fileID: 0}
  m_GameObject: {fileID: 577624616395410412}
  m_Enabled: 1
  m_EditorHideFlags: 0
  m_Script: {fileID: 11500000, guid: de305606890b87e42a58c187eba6fe10, type: 3}
  m_Name: 
  m_EditorClassIdentifier: 
  partName: Roh
  partDescription: 
  dimensions: {x: 0.98, y: 0, z: 0.98}
  image: {fileID: 21300000, guid: 7ecebbee9227cf74aa9bac7eb9fcccdf, type: 3}
  type: 0
  partPoints:
  - {fileID: 8712842516853945821}
  - {fileID: 1002696937250397682}
  canBeStandalone: 1
  OnPartPointConnect:
    m_PersistentCalls:
      m_Calls: []
    m_TypeName: UnityEngine.Events.UnityEvent, UnityEngine.CoreModule, Version=0.0.0.0,
      Culture=neutral, PublicKeyToken=null
--- !u!114 &8905805423508224667
MonoBehaviour:
  m_ObjectHideFlags: 0
  m_CorrespondingSourceObject: {fileID: 0}
  m_PrefabInstance: {fileID: 0}
  m_PrefabAsset: {fileID: 0}
  m_GameObject: {fileID: 7193351325353676417}
  m_Enabled: 1
  m_EditorHideFlags: 0
  m_Script: {fileID: 11500000, guid: 816c52b73d7a1de4d8f07430f0420752, type: 3}
  m_Name: 
  m_EditorClassIdentifier: 
  partMeshType: legs
  setMaterialIndex: -1
--- !u!64 &5969195787010138974
MeshCollider:
  m_ObjectHideFlags: 0
  m_CorrespondingSourceObject: {fileID: 0}
  m_PrefabInstance: {fileID: 0}
  m_PrefabAsset: {fileID: 0}
  m_GameObject: {fileID: 7193351325353676419}
  m_Material: {fileID: 0}
  m_IsTrigger: 0
  m_Enabled: 1
  serializedVersion: 3
  m_Convex: 0
  m_CookingOptions: 14
  m_Mesh: {fileID: 4300008, guid: 8eeac6670ac8b2942832ced0c0803558, type: 3}
--- !u!114 &2022159279108546252
MonoBehaviour:
  m_ObjectHideFlags: 0
  m_CorrespondingSourceObject: {fileID: 0}
  m_PrefabInstance: {fileID: 0}
  m_PrefabAsset: {fileID: 0}
  m_GameObject: {fileID: 7193351325353676419}
  m_Enabled: 1
  m_EditorHideFlags: 0
  m_Script: {fileID: 11500000, guid: 8ff23e8d62479ff46bcdd5e0aaed1393, type: 3}
  m_Name: 
  m_EditorClassIdentifier: 
  rotationOpen: {x: 65, y: 90, z: 0}
  rotationClosed: {x: 0, y: 90, z: 0}
  speed: 2
--- !u!114 &6263865794795646293
MonoBehaviour:
  m_ObjectHideFlags: 0
  m_CorrespondingSourceObject: {fileID: 0}
  m_PrefabInstance: {fileID: 0}
  m_PrefabAsset: {fileID: 0}
  m_GameObject: {fileID: 7193351325353676419}
  m_Enabled: 1
  m_EditorHideFlags: 0
  m_Script: {fileID: 11500000, guid: 816c52b73d7a1de4d8f07430f0420752, type: 3}
  m_Name: 
  m_EditorClassIdentifier: 
  partMeshType: main
  setMaterialIndex: -1
--- !u!64 &4231150409166272729
MeshCollider:
  m_ObjectHideFlags: 0
  m_CorrespondingSourceObject: {fileID: 0}
  m_PrefabInstance: {fileID: 0}
  m_PrefabAsset: {fileID: 0}
  m_GameObject: {fileID: 7193351325353676421}
  m_Material: {fileID: 0}
  m_IsTrigger: 0
  m_Enabled: 1
  serializedVersion: 3
  m_Convex: 0
  m_CookingOptions: 14
  m_Mesh: {fileID: 4300006, guid: 8eeac6670ac8b2942832ced0c0803558, type: 3}
--- !u!114 &5081306497295849531
MonoBehaviour:
  m_ObjectHideFlags: 0
  m_CorrespondingSourceObject: {fileID: 0}
  m_PrefabInstance: {fileID: 0}
  m_PrefabAsset: {fileID: 0}
  m_GameObject: {fileID: 7193351325353676421}
  m_Enabled: 1
  m_EditorHideFlags: 0
  m_Script: {fileID: 11500000, guid: 8ff23e8d62479ff46bcdd5e0aaed1393, type: 3}
  m_Name: 
  m_EditorClassIdentifier: 
  rotationOpen: {x: 65, y: 0, z: 0}
  rotationClosed: {x: 0, y: 0, z: 0}
  speed: 2
--- !u!114 &6066050982419805210
MonoBehaviour:
  m_ObjectHideFlags: 0
  m_CorrespondingSourceObject: {fileID: 0}
  m_PrefabInstance: {fileID: 0}
  m_PrefabAsset: {fileID: 0}
  m_GameObject: {fileID: 7193351325353676421}
  m_Enabled: 1
  m_EditorHideFlags: 0
  m_Script: {fileID: 11500000, guid: 816c52b73d7a1de4d8f07430f0420752, type: 3}
  m_Name: 
  m_EditorClassIdentifier: 
  partMeshType: main
  setMaterialIndex: -1
--- !u!64 &2697374374276959240
MeshCollider:
  m_ObjectHideFlags: 0
  m_CorrespondingSourceObject: {fileID: 0}
  m_PrefabInstance: {fileID: 0}
  m_PrefabAsset: {fileID: 0}
  m_GameObject: {fileID: 7193351325353676423}
  m_Material: {fileID: 0}
  m_IsTrigger: 0
  m_Enabled: 1
  serializedVersion: 3
  m_Convex: 0
  m_CookingOptions: 14
  m_Mesh: {fileID: 4300002, guid: 8eeac6670ac8b2942832ced0c0803558, type: 3}
--- !u!114 &1063498890080037983
MonoBehaviour:
  m_ObjectHideFlags: 0
  m_CorrespondingSourceObject: {fileID: 0}
  m_PrefabInstance: {fileID: 0}
  m_PrefabAsset: {fileID: 0}
  m_GameObject: {fileID: 7193351325353676423}
  m_Enabled: 1
  m_EditorHideFlags: 0
  m_Script: {fileID: 11500000, guid: 816c52b73d7a1de4d8f07430f0420752, type: 3}
  m_Name: 
  m_EditorClassIdentifier: 
  partMeshType: main
  setMaterialIndex: -1
--- !u!114 &1002696937250397682
MonoBehaviour:
  m_ObjectHideFlags: 0
  m_CorrespondingSourceObject: {fileID: 0}
  m_PrefabInstance: {fileID: 0}
  m_PrefabAsset: {fileID: 0}
  m_GameObject: {fileID: 7193351325353676427}
  m_Enabled: 1
  m_EditorHideFlags: 0
  m_Script: {fileID: 11500000, guid: 298df71d7d1c94f47a9df2b26686031c, type: 3}
  m_Name: 
  m_EditorClassIdentifier: 
  type: 0
  connection: r
  partPointGUI: {fileID: 0}
  activateOnDisconnect:
  - {fileID: 7193351325353676445}
  connectedTo: {fileID: 0}
  part: {fileID: 0}
--- !u!114 &8712842516853945821
MonoBehaviour:
  m_ObjectHideFlags: 0
  m_CorrespondingSourceObject: {fileID: 0}
  m_PrefabInstance: {fileID: 0}
  m_PrefabAsset: {fileID: 0}
  m_GameObject: {fileID: 7193351325353676429}
  m_Enabled: 1
  m_EditorHideFlags: 0
  m_Script: {fileID: 11500000, guid: 298df71d7d1c94f47a9df2b26686031c, type: 3}
  m_Name: 
  m_EditorClassIdentifier: 
  type: 0
  connection: l
  partPointGUI: {fileID: 0}
  activateOnDisconnect:
  - {fileID: 7193351325353676417}
  connectedTo: {fileID: 0}
  part: {fileID: 0}
--- !u!114 &4326754602856361435
MonoBehaviour:
  m_ObjectHideFlags: 0
  m_CorrespondingSourceObject: {fileID: 0}
  m_PrefabInstance: {fileID: 0}
  m_PrefabAsset: {fileID: 0}
  m_GameObject: {fileID: 7193351325353676445}
  m_Enabled: 1
  m_EditorHideFlags: 0
  m_Script: {fileID: 11500000, guid: 816c52b73d7a1de4d8f07430f0420752, type: 3}
  m_Name: 
  m_EditorClassIdentifier: 
  partMeshType: legs
  setMaterialIndex: -1
--- !u!114 &160770946593917065
MonoBehaviour:
  m_ObjectHideFlags: 0
  m_CorrespondingSourceObject: {fileID: 0}
  m_PrefabInstance: {fileID: 0}
  m_PrefabAsset: {fileID: 0}
  m_GameObject: {fileID: 7193351325353676447}
  m_Enabled: 1
  m_EditorHideFlags: 0
  m_Script: {fileID: 11500000, guid: 816c52b73d7a1de4d8f07430f0420752, type: 3}
  m_Name: 
  m_EditorClassIdentifier: 
  partMeshType: legs
  setMaterialIndex: -1
--- !u!1001 &7193351325353707567
PrefabInstance:
  m_ObjectHideFlags: 0
  serializedVersion: 2
  m_Modification:
    m_TransformParent: {fileID: 7264903081283753605}
    m_Modifications:
    - target: {fileID: 100000, guid: 8eeac6670ac8b2942832ced0c0803558, type: 3}
      propertyPath: m_Name
      value: roh
      objectReference: {fileID: 0}
    - target: {fileID: 100000, guid: 8eeac6670ac8b2942832ced0c0803558, type: 3}
      propertyPath: m_Layer
      value: 9
      objectReference: {fileID: 0}
    - target: {fileID: 100002, guid: 8eeac6670ac8b2942832ced0c0803558, type: 3}
      propertyPath: m_Layer
      value: 9
      objectReference: {fileID: 0}
    - target: {fileID: 100004, guid: 8eeac6670ac8b2942832ced0c0803558, type: 3}
      propertyPath: m_Layer
      value: 9
      objectReference: {fileID: 0}
    - target: {fileID: 100014, guid: 8eeac6670ac8b2942832ced0c0803558, type: 3}
      propertyPath: m_Layer
      value: 9
      objectReference: {fileID: 0}
    - target: {fileID: 100016, guid: 8eeac6670ac8b2942832ced0c0803558, type: 3}
      propertyPath: m_Layer
      value: 9
      objectReference: {fileID: 0}
    - target: {fileID: 100018, guid: 8eeac6670ac8b2942832ced0c0803558, type: 3}
      propertyPath: m_Layer
      value: 9
      objectReference: {fileID: 0}
    - target: {fileID: 100010, guid: 8eeac6670ac8b2942832ced0c0803558, type: 3}
      propertyPath: m_Layer
      value: 9
      objectReference: {fileID: 0}
    - target: {fileID: 100012, guid: 8eeac6670ac8b2942832ced0c0803558, type: 3}
      propertyPath: m_Layer
      value: 9
      objectReference: {fileID: 0}
    - target: {fileID: 100008, guid: 8eeac6670ac8b2942832ced0c0803558, type: 3}
      propertyPath: m_Layer
      value: 9
      objectReference: {fileID: 0}
    - target: {fileID: 400000, guid: 8eeac6670ac8b2942832ced0c0803558, type: 3}
      propertyPath: m_LocalPosition.x
      value: 0
      objectReference: {fileID: 0}
    - target: {fileID: 400000, guid: 8eeac6670ac8b2942832ced0c0803558, type: 3}
      propertyPath: m_LocalPosition.y
      value: 0
      objectReference: {fileID: 0}
    - target: {fileID: 400000, guid: 8eeac6670ac8b2942832ced0c0803558, type: 3}
      propertyPath: m_LocalPosition.z
      value: 0
      objectReference: {fileID: 0}
    - target: {fileID: 400000, guid: 8eeac6670ac8b2942832ced0c0803558, type: 3}
      propertyPath: m_LocalRotation.x
      value: 0
      objectReference: {fileID: 0}
    - target: {fileID: 400000, guid: 8eeac6670ac8b2942832ced0c0803558, type: 3}
      propertyPath: m_LocalRotation.y
      value: 0
      objectReference: {fileID: 0}
    - target: {fileID: 400000, guid: 8eeac6670ac8b2942832ced0c0803558, type: 3}
      propertyPath: m_LocalRotation.z
      value: 0
      objectReference: {fileID: 0}
    - target: {fileID: 400000, guid: 8eeac6670ac8b2942832ced0c0803558, type: 3}
      propertyPath: m_LocalRotation.w
      value: 1
      objectReference: {fileID: 0}
    - target: {fileID: 400000, guid: 8eeac6670ac8b2942832ced0c0803558, type: 3}
      propertyPath: m_RootOrder
      value: 0
      objectReference: {fileID: 0}
    - target: {fileID: 400000, guid: 8eeac6670ac8b2942832ced0c0803558, type: 3}
      propertyPath: m_LocalEulerAnglesHint.x
      value: 0
      objectReference: {fileID: 0}
    - target: {fileID: 400000, guid: 8eeac6670ac8b2942832ced0c0803558, type: 3}
      propertyPath: m_LocalEulerAnglesHint.y
      value: 0
      objectReference: {fileID: 0}
    - target: {fileID: 400000, guid: 8eeac6670ac8b2942832ced0c0803558, type: 3}
      propertyPath: m_LocalEulerAnglesHint.z
      value: 0
      objectReference: {fileID: 0}
    - target: {fileID: 100006, guid: 8eeac6670ac8b2942832ced0c0803558, type: 3}
      propertyPath: m_Layer
      value: 9
      objectReference: {fileID: 0}
    - target: {fileID: 2300002, guid: 8eeac6670ac8b2942832ced0c0803558, type: 3}
      propertyPath: m_Materials.Array.data[0]
      value: 
      objectReference: {fileID: 2100000, guid: 1c67c815f66d9d342a73b6552979ff21, type: 2}
    m_RemovedComponents: []
  m_SourcePrefab: {fileID: 100100000, guid: 8eeac6670ac8b2942832ced0c0803558, type: 3}
--- !u!4 &7193351325353841327 stripped
Transform:
  m_CorrespondingSourceObject: {fileID: 400000, guid: 8eeac6670ac8b2942832ced0c0803558,
    type: 3}
  m_PrefabInstance: {fileID: 7193351325353707567}
  m_PrefabAsset: {fileID: 0}
--- !u!1 &7193351325353676429 stripped
GameObject:
  m_CorrespondingSourceObject: {fileID: 100002, guid: 8eeac6670ac8b2942832ced0c0803558,
    type: 3}
  m_PrefabInstance: {fileID: 7193351325353707567}
  m_PrefabAsset: {fileID: 0}
--- !u!1 &7193351325353676427 stripped
GameObject:
  m_CorrespondingSourceObject: {fileID: 100004, guid: 8eeac6670ac8b2942832ced0c0803558,
    type: 3}
  m_PrefabInstance: {fileID: 7193351325353707567}
  m_PrefabAsset: {fileID: 0}
--- !u!1 &7193351325353676417 stripped
GameObject:
  m_CorrespondingSourceObject: {fileID: 100014, guid: 8eeac6670ac8b2942832ced0c0803558,
    type: 3}
  m_PrefabInstance: {fileID: 7193351325353707567}
  m_PrefabAsset: {fileID: 0}
--- !u!1 &7193351325353676447 stripped
GameObject:
  m_CorrespondingSourceObject: {fileID: 100016, guid: 8eeac6670ac8b2942832ced0c0803558,
    type: 3}
  m_PrefabInstance: {fileID: 7193351325353707567}
  m_PrefabAsset: {fileID: 0}
--- !u!1 &7193351325353676445 stripped
GameObject:
  m_CorrespondingSourceObject: {fileID: 100018, guid: 8eeac6670ac8b2942832ced0c0803558,
    type: 3}
  m_PrefabInstance: {fileID: 7193351325353707567}
  m_PrefabAsset: {fileID: 0}
--- !u!1 &7193351325353676421 stripped
GameObject:
  m_CorrespondingSourceObject: {fileID: 100010, guid: 8eeac6670ac8b2942832ced0c0803558,
    type: 3}
  m_PrefabInstance: {fileID: 7193351325353707567}
  m_PrefabAsset: {fileID: 0}
--- !u!1 &7193351325353676419 stripped
GameObject:
  m_CorrespondingSourceObject: {fileID: 100012, guid: 8eeac6670ac8b2942832ced0c0803558,
    type: 3}
  m_PrefabInstance: {fileID: 7193351325353707567}
  m_PrefabAsset: {fileID: 0}
--- !u!1 &7193351325353676423 stripped
GameObject:
  m_CorrespondingSourceObject: {fileID: 100008, guid: 8eeac6670ac8b2942832ced0c0803558,
    type: 3}
  m_PrefabInstance: {fileID: 7193351325353707567}
  m_PrefabAsset: {fileID: 0}
