%YAML 1.1
%TAG !u! tag:unity3d.com,2011:
--- !u!64 &557758929397264771
MeshCollider:
  m_ObjectHideFlags: 0
  m_CorrespondingSourceObject: {fileID: 0}
  m_PrefabInstance: {fileID: 0}
  m_PrefabAsset: {fileID: 0}
  m_GameObject: {fileID: 79987402163314071}
  m_Material: {fileID: 0}
  m_IsTrigger: 0
  m_Enabled: 1
  serializedVersion: 3
  m_Convex: 0
  m_CookingOptions: 14
  m_Mesh: {fileID: -4637390894918918098, guid: 37b95f948a2803d41b0689d5133a8366, type: 3}
--- !u!114 &8009348308570688962
MonoBehaviour:
  m_ObjectHideFlags: 0
  m_CorrespondingSourceObject: {fileID: 0}
  m_PrefabInstance: {fileID: 0}
  m_PrefabAsset: {fileID: 0}
  m_GameObject: {fileID: 79987402163314071}
  m_Enabled: 1
  m_EditorHideFlags: 0
  m_Script: {fileID: 11500000, guid: 816c52b73d7a1de4d8f07430f0420752, type: 3}
  m_Name: 
  m_EditorClassIdentifier: 
  partMeshType: main2
  setMaterialIndex: -1
  setMaterialIndex2: -1
  sewing: 0
--- !u!1 &1171112354232986428
GameObject:
  m_ObjectHideFlags: 0
  m_CorrespondingSourceObject: {fileID: 0}
  m_PrefabInstance: {fileID: 0}
  m_PrefabAsset: {fileID: 0}
  serializedVersion: 6
  m_Component:
  - component: {fileID: 3656987430348968682}
  - component: {fileID: 3121819351952824692}
  - component: {fileID: 2715737326565931371}
  - component: {fileID: 118407797218692922}
  - component: {fileID: 552423645226343327}
  m_Layer: 9
  m_Name: A_Opierka_Typ_K_Rohu_Sev.002
  m_TagString: Untagged
  m_Icon: {fileID: 0}
  m_NavMeshLayer: 0
  m_StaticEditorFlags: 0
  m_IsActive: 1
--- !u!4 &3656987430348968682
Transform:
  m_ObjectHideFlags: 0
  m_CorrespondingSourceObject: {fileID: 0}
  m_PrefabInstance: {fileID: 0}
  m_PrefabAsset: {fileID: 0}
  m_GameObject: {fileID: 1171112354232986428}
  m_LocalRotation: {x: 0, y: -0, z: -0, w: 1}
  m_LocalPosition: {x: -0, y: 0, z: 0}
  m_LocalScale: {x: 1, y: 0.9999999, z: 0.9999999}
  m_Children: []
  m_Father: {fileID: 7009276570606826386}
  m_RootOrder: 2
  m_LocalEulerAnglesHint: {x: 0, y: 0, z: 0}
--- !u!33 &3121819351952824692
MeshFilter:
  m_ObjectHideFlags: 0
  m_CorrespondingSourceObject: {fileID: 0}
  m_PrefabInstance: {fileID: 0}
  m_PrefabAsset: {fileID: 0}
  m_GameObject: {fileID: 1171112354232986428}
  m_Mesh: {fileID: 9196315966011539838, guid: 37b95f948a2803d41b0689d5133a8366, type: 3}
--- !u!23 &2715737326565931371
MeshRenderer:
  m_ObjectHideFlags: 0
  m_CorrespondingSourceObject: {fileID: 0}
  m_PrefabInstance: {fileID: 0}
  m_PrefabAsset: {fileID: 0}
  m_GameObject: {fileID: 1171112354232986428}
  m_Enabled: 1
  m_CastShadows: 1
  m_ReceiveShadows: 1
  m_DynamicOccludee: 1
  m_MotionVectors: 1
  m_LightProbeUsage: 1
  m_ReflectionProbeUsage: 1
  m_RenderingLayerMask: 1
  m_RendererPriority: 0
  m_Materials:
  - {fileID: -5635484798206224817, guid: 37b95f948a2803d41b0689d5133a8366, type: 3}
  m_StaticBatchInfo:
    firstSubMesh: 0
    subMeshCount: 0
  m_StaticBatchRoot: {fileID: 0}
  m_ProbeAnchor: {fileID: 0}
  m_LightProbeVolumeOverride: {fileID: 0}
  m_ScaleInLightmap: 1
  m_ReceiveGI: 1
  m_PreserveUVs: 0
  m_IgnoreNormalsForChartDetection: 0
  m_ImportantGI: 0
  m_StitchLightmapSeams: 1
  m_SelectedEditorRenderState: 3
  m_MinimumChartSize: 4
  m_AutoUVMaxDistance: 0.5
  m_AutoUVMaxAngle: 89
  m_LightmapParameters: {fileID: 0}
  m_SortingLayerID: 0
  m_SortingLayer: 0
  m_SortingOrder: 0
--- !u!64 &118407797218692922
MeshCollider:
  m_ObjectHideFlags: 0
  m_CorrespondingSourceObject: {fileID: 0}
  m_PrefabInstance: {fileID: 0}
  m_PrefabAsset: {fileID: 0}
  m_GameObject: {fileID: 1171112354232986428}
  m_Material: {fileID: 0}
  m_IsTrigger: 0
  m_Enabled: 1
  serializedVersion: 3
  m_Convex: 0
  m_CookingOptions: 14
  m_Mesh: {fileID: 9196315966011539838, guid: 37b95f948a2803d41b0689d5133a8366, type: 3}
--- !u!114 &552423645226343327
MonoBehaviour:
  m_ObjectHideFlags: 0
  m_CorrespondingSourceObject: {fileID: 0}
  m_PrefabInstance: {fileID: 0}
  m_PrefabAsset: {fileID: 0}
  m_GameObject: {fileID: 1171112354232986428}
  m_Enabled: 1
  m_EditorHideFlags: 0
  m_Script: {fileID: 11500000, guid: 816c52b73d7a1de4d8f07430f0420752, type: 3}
  m_Name: 
  m_EditorClassIdentifier: 
  partMeshType: main
  setMaterialIndex: -1
  setMaterialIndex2: -1
  sewing: 0
--- !u!64 &7773285449637866164
MeshCollider:
  m_ObjectHideFlags: 0
  m_CorrespondingSourceObject: {fileID: 0}
  m_PrefabInstance: {fileID: 0}
  m_PrefabAsset: {fileID: 0}
  m_GameObject: {fileID: 1305320755715154119}
  m_Material: {fileID: 0}
  m_IsTrigger: 0
  m_Enabled: 1
  serializedVersion: 3
  m_Convex: 0
  m_CookingOptions: 14
  m_Mesh: {fileID: 8033967378049164800, guid: 37b95f948a2803d41b0689d5133a8366, type: 3}
--- !u!114 &7742227014448506840
MonoBehaviour:
  m_ObjectHideFlags: 0
  m_CorrespondingSourceObject: {fileID: 0}
  m_PrefabInstance: {fileID: 0}
  m_PrefabAsset: {fileID: 0}
  m_GameObject: {fileID: 1305320755715154119}
  m_Enabled: 1
  m_EditorHideFlags: 0
  m_Script: {fileID: 11500000, guid: 816c52b73d7a1de4d8f07430f0420752, type: 3}
  m_Name: 
  m_EditorClassIdentifier: 
  partMeshType: main
  setMaterialIndex: -1
  setMaterialIndex2: -1
  sewing: 0
--- !u!64 &4561306494547641668
MeshCollider:
  m_ObjectHideFlags: 0
  m_CorrespondingSourceObject: {fileID: 0}
  m_PrefabInstance: {fileID: 0}
  m_PrefabAsset: {fileID: 0}
  m_GameObject: {fileID: 1306732952798454392}
  m_Material: {fileID: 0}
  m_IsTrigger: 0
  m_Enabled: 1
  serializedVersion: 3
  m_Convex: 0
  m_CookingOptions: 14
  m_Mesh: {fileID: 9055658968553103721, guid: 37b95f948a2803d41b0689d5133a8366, type: 3}
--- !u!114 &6073978793546838042
MonoBehaviour:
  m_ObjectHideFlags: 0
  m_CorrespondingSourceObject: {fileID: 0}
  m_PrefabInstance: {fileID: 0}
  m_PrefabAsset: {fileID: 0}
  m_GameObject: {fileID: 1306732952798454392}
  m_Enabled: 1
  m_EditorHideFlags: 0
  m_Script: {fileID: 11500000, guid: 816c52b73d7a1de4d8f07430f0420752, type: 3}
  m_Name: 
  m_EditorClassIdentifier: 
  partMeshType: main
  setMaterialIndex: -1
  setMaterialIndex2: -1
  sewing: 0
--- !u!64 &4462074782774362179
MeshCollider:
  m_ObjectHideFlags: 0
  m_CorrespondingSourceObject: {fileID: 0}
  m_PrefabInstance: {fileID: 0}
  m_PrefabAsset: {fileID: 0}
  m_GameObject: {fileID: 1501189416306779160}
  m_Material: {fileID: 0}
  m_IsTrigger: 0
  m_Enabled: 1
  serializedVersion: 3
  m_Convex: 0
  m_CookingOptions: 14
  m_Mesh: {fileID: 5228822950220416964, guid: 37b95f948a2803d41b0689d5133a8366, type: 3}
--- !u!114 &840494665325524414
MonoBehaviour:
  m_ObjectHideFlags: 0
  m_CorrespondingSourceObject: {fileID: 0}
  m_PrefabInstance: {fileID: 0}
  m_PrefabAsset: {fileID: 0}
  m_GameObject: {fileID: 1501189416306779160}
  m_Enabled: 1
  m_EditorHideFlags: 0
  m_Script: {fileID: 11500000, guid: 816c52b73d7a1de4d8f07430f0420752, type: 3}
  m_Name: 
  m_EditorClassIdentifier: 
  partMeshType: main
  setMaterialIndex: -1
  setMaterialIndex2: -1
  sewing: 0
--- !u!64 &9076066785235684185
MeshCollider:
  m_ObjectHideFlags: 0
  m_CorrespondingSourceObject: {fileID: 0}
  m_PrefabInstance: {fileID: 0}
  m_PrefabAsset: {fileID: 0}
  m_GameObject: {fileID: 1846098537771955842}
  m_Material: {fileID: 0}
  m_IsTrigger: 0
  m_Enabled: 1
  serializedVersion: 3
  m_Convex: 0
  m_CookingOptions: 14
  m_Mesh: {fileID: 7997728853587602358, guid: 37b95f948a2803d41b0689d5133a8366, type: 3}
--- !u!114 &7393058030585250650
MonoBehaviour:
  m_ObjectHideFlags: 0
  m_CorrespondingSourceObject: {fileID: 0}
  m_PrefabInstance: {fileID: 0}
  m_PrefabAsset: {fileID: 0}
  m_GameObject: {fileID: 1846098537771955842}
  m_Enabled: 1
  m_EditorHideFlags: 0
  m_Script: {fileID: 11500000, guid: 816c52b73d7a1de4d8f07430f0420752, type: 3}
  m_Name: 
  m_EditorClassIdentifier: 
  partMeshType: main2
  setMaterialIndex: -1
  setMaterialIndex2: -1
  sewing: 0
--- !u!64 &3417338772612887697
MeshCollider:
  m_ObjectHideFlags: 0
  m_CorrespondingSourceObject: {fileID: 0}
  m_PrefabInstance: {fileID: 0}
  m_PrefabAsset: {fileID: 0}
  m_GameObject: {fileID: 2249497366092453444}
  m_Material: {fileID: 0}
  m_IsTrigger: 0
  m_Enabled: 1
  serializedVersion: 3
  m_Convex: 0
  m_CookingOptions: 14
  m_Mesh: {fileID: -3662162193844061490, guid: 37b95f948a2803d41b0689d5133a8366, type: 3}
--- !u!114 &2663614480114431235
MonoBehaviour:
  m_ObjectHideFlags: 0
  m_CorrespondingSourceObject: {fileID: 0}
  m_PrefabInstance: {fileID: 0}
  m_PrefabAsset: {fileID: 0}
  m_GameObject: {fileID: 2249497366092453444}
  m_Enabled: 1
  m_EditorHideFlags: 0
  m_Script: {fileID: 11500000, guid: 816c52b73d7a1de4d8f07430f0420752, type: 3}
  m_Name: 
  m_EditorClassIdentifier: 
  partMeshType: main
  setMaterialIndex: -1
  setMaterialIndex2: -1
  sewing: 0
--- !u!64 &1450764689299069620
MeshCollider:
  m_ObjectHideFlags: 0
  m_CorrespondingSourceObject: {fileID: 0}
  m_PrefabInstance: {fileID: 0}
  m_PrefabAsset: {fileID: 0}
  m_GameObject: {fileID: 2819023667603901575}
  m_Material: {fileID: 0}
  m_IsTrigger: 0
  m_Enabled: 1
  serializedVersion: 3
  m_Convex: 0
  m_CookingOptions: 14
  m_Mesh: {fileID: 6421285957535897817, guid: 37b95f948a2803d41b0689d5133a8366, type: 3}
--- !u!114 &7122117408745770536
MonoBehaviour:
  m_ObjectHideFlags: 0
  m_CorrespondingSourceObject: {fileID: 0}
  m_PrefabInstance: {fileID: 0}
  m_PrefabAsset: {fileID: 0}
  m_GameObject: {fileID: 2819023667603901575}
  m_Enabled: 1
  m_EditorHideFlags: 0
  m_Script: {fileID: 11500000, guid: 816c52b73d7a1de4d8f07430f0420752, type: 3}
  m_Name: 
  m_EditorClassIdentifier: 
  partMeshType: main
  setMaterialIndex: -1
  setMaterialIndex2: -1
  sewing: 0
--- !u!1 &3290337530994334606
GameObject:
  m_ObjectHideFlags: 0
  m_CorrespondingSourceObject: {fileID: 0}
  m_PrefabInstance: {fileID: 0}
  m_PrefabAsset: {fileID: 0}
  serializedVersion: 6
  m_Component:
  - component: {fileID: 8602092108822694566}
  - component: {fileID: 1719285518225574287}
  - component: {fileID: 5800248536602716747}
  m_Layer: 9
  m_Name: A1
  m_TagString: Untagged
  m_Icon: {fileID: 0}
  m_NavMeshLayer: 0
  m_StaticEditorFlags: 0
  m_IsActive: 1
--- !u!4 &8602092108822694566
Transform:
  m_ObjectHideFlags: 0
  m_CorrespondingSourceObject: {fileID: 0}
  m_PrefabInstance: {fileID: 0}
  m_PrefabAsset: {fileID: 0}
  m_GameObject: {fileID: 3290337530994334606}
  m_LocalRotation: {x: 0, y: 1, z: 0, w: -0.00000004371139}
  m_LocalPosition: {x: 0, y: 0, z: 0}
  m_LocalScale: {x: 1, y: 1, z: 1}
  m_Children:
  - {fileID: 2345504170382697370}
  - {fileID: 6859768781270190978}
  m_Father: {fileID: 0}
  m_RootOrder: 0
  m_LocalEulerAnglesHint: {x: 0, y: 0, z: 0}
--- !u!114 &1719285518225574287
MonoBehaviour:
  m_ObjectHideFlags: 0
  m_CorrespondingSourceObject: {fileID: 0}
  m_PrefabInstance: {fileID: 0}
  m_PrefabAsset: {fileID: 0}
  m_GameObject: {fileID: 3290337530994334606}
  m_Enabled: 1
  m_EditorHideFlags: 0
  m_Script: {fileID: 11500000, guid: de305606890b87e42a58c187eba6fe10, type: 3}
  m_Name: 
  m_EditorClassIdentifier: 
  partName: A1UBP
  partNameCombinations:
  - connectedToParts:
    - {fileID: 2709718160082171454, guid: b2c291d567b5384468e49ec2b4d6a43d, type: 3}
    partName: A1UL
  - connectedToParts:
    - {fileID: 2709718160082171454, guid: 50513aeebc26428428f6bcd397eff0cc, type: 3}
    partName: A1UP
  - connectedToParts:
    - {fileID: 2709718160082171454, guid: 50513aeebc26428428f6bcd397eff0cc, type: 3}
    - {fileID: 2709718160082171454, guid: b2c291d567b5384468e49ec2b4d6a43d, type: 3}
    partName: A1
  partDescription: 
  partCategory: universal
  includeInDimensions: 1
  dimensions: {x: 0.85719776, y: 1.1018237, z: 0.9890944}
  image: {fileID: 21300000, guid: 055b50744ddff5d4aae1971d62685dd8, type: 3}
  type: 0
  partPoints:
  - {fileID: 6376412820043236088}
  - {fileID: 9010775696120127584}
  - {fileID: 111471007378507437}
  canBeStandalone: 1
  sewingNames: []
  OnPartPointConnect:
    m_PersistentCalls:
      m_Calls: []
--- !u!114 &5800248536602716747
MonoBehaviour:
  m_ObjectHideFlags: 0
  m_CorrespondingSourceObject: {fileID: 0}
  m_PrefabInstance: {fileID: 0}
  m_PrefabAsset: {fileID: 0}
  m_GameObject: {fileID: 3290337530994334606}
  m_Enabled: 1
  m_EditorHideFlags: 0
  m_Script: {fileID: 11500000, guid: 945aa47ea0b6aa8428492ab4817a6203, type: 3}
  m_Name: 
  m_EditorClassIdentifier: 
  partPointL: {fileID: 6376412820043236088}
  partPointR: {fileID: 9010775696120127584}
  activateL: {fileID: 2820743185692558090}
  activateR: {fileID: 3556275465842623147}
  activateBoth: {fileID: 0}
  activateNone: {fileID: 2880340310303207957}
  activateNoneL: {fileID: 0}
  activateNoneR: {fileID: 0}
--- !u!1 &3556275465842623147
GameObject:
  m_ObjectHideFlags: 0
  m_CorrespondingSourceObject: {fileID: 0}
  m_PrefabInstance: {fileID: 0}
  m_PrefabAsset: {fileID: 0}
  serializedVersion: 6
  m_Component:
  - component: {fileID: 5600693007630778226}
  m_Layer: 9
  m_Name: A1_K_Rohu_L
  m_TagString: Untagged
  m_Icon: {fileID: 0}
  m_NavMeshLayer: 0
  m_StaticEditorFlags: 0
  m_IsActive: 0
--- !u!4 &5600693007630778226
Transform:
  m_ObjectHideFlags: 0
  m_CorrespondingSourceObject: {fileID: 0}
  m_PrefabInstance: {fileID: 0}
  m_PrefabAsset: {fileID: 0}
  m_GameObject: {fileID: 3556275465842623147}
  m_LocalRotation: {x: 0.000000021855694, y: 0, z: -0, w: 1}
  m_LocalPosition: {x: -0, y: 0, z: 0}
  m_LocalScale: {x: -1, y: 1, z: 1}
  m_Children:
  - {fileID: 7009276570606826386}
  - {fileID: 7896388411943327650}
  m_Father: {fileID: 6859768781270190978}
  m_RootOrder: 7
  m_LocalEulerAnglesHint: {x: 0, y: 0, z: 0}
--- !u!64 &8872324336284964400
MeshCollider:
  m_ObjectHideFlags: 0
  m_CorrespondingSourceObject: {fileID: 0}
  m_PrefabInstance: {fileID: 0}
  m_PrefabAsset: {fileID: 0}
  m_GameObject: {fileID: 3602861775186323310}
  m_Material: {fileID: 0}
  m_IsTrigger: 0
  m_Enabled: 1
  serializedVersion: 3
  m_Convex: 0
  m_CookingOptions: 14
  m_Mesh: {fileID: -1177490374844936374, guid: 37b95f948a2803d41b0689d5133a8366, type: 3}
--- !u!114 &2221187825965590267
MonoBehaviour:
  m_ObjectHideFlags: 0
  m_CorrespondingSourceObject: {fileID: 0}
  m_PrefabInstance: {fileID: 0}
  m_PrefabAsset: {fileID: 0}
  m_GameObject: {fileID: 3602861775186323310}
  m_Enabled: 1
  m_EditorHideFlags: 0
  m_Script: {fileID: 11500000, guid: 816c52b73d7a1de4d8f07430f0420752, type: 3}
  m_Name: 
  m_EditorClassIdentifier: 
  partMeshType: main
  setMaterialIndex: -1
  setMaterialIndex2: -1
  sewing: 0
--- !u!64 &1087205673737471779
MeshCollider:
  m_ObjectHideFlags: 0
  m_CorrespondingSourceObject: {fileID: 0}
  m_PrefabInstance: {fileID: 0}
  m_PrefabAsset: {fileID: 0}
  m_GameObject: {fileID: 3906353688454914594}
  m_Material: {fileID: 0}
  m_IsTrigger: 0
  m_Enabled: 1
  serializedVersion: 3
  m_Convex: 0
  m_CookingOptions: 14
  m_Mesh: {fileID: -2321586103915153868, guid: 37b95f948a2803d41b0689d5133a8366, type: 3}
--- !u!114 &1267011598925049627
MonoBehaviour:
  m_ObjectHideFlags: 0
  m_CorrespondingSourceObject: {fileID: 0}
  m_PrefabInstance: {fileID: 0}
  m_PrefabAsset: {fileID: 0}
  m_GameObject: {fileID: 3906353688454914594}
  m_Enabled: 1
  m_EditorHideFlags: 0
  m_Script: {fileID: 11500000, guid: 816c52b73d7a1de4d8f07430f0420752, type: 3}
  m_Name: 
  m_EditorClassIdentifier: 
  partMeshType: main
  setMaterialIndex: -1
  setMaterialIndex2: -1
  sewing: 0
--- !u!114 &6376412820043236088
MonoBehaviour:
  m_ObjectHideFlags: 0
  m_CorrespondingSourceObject: {fileID: 0}
  m_PrefabInstance: {fileID: 0}
  m_PrefabAsset: {fileID: 0}
  m_GameObject: {fileID: 4421622122215129831}
  m_Enabled: 1
  m_EditorHideFlags: 0
  m_Script: {fileID: 11500000, guid: 298df71d7d1c94f47a9df2b26686031c, type: 3}
  m_Name: 
  m_EditorClassIdentifier: 
  type: 0
  connection: l
  allowedCategories: []
  disallowedCategories: []
  partPointGUI: {fileID: 0}
  activateOnDisconnect: []
  connectedTo: {fileID: 0}
  part: {fileID: 0}
--- !u!1 &4435331903368221213
GameObject:
  m_ObjectHideFlags: 0
  m_CorrespondingSourceObject: {fileID: 0}
  m_PrefabInstance: {fileID: 0}
  m_PrefabAsset: {fileID: 0}
  serializedVersion: 6
  m_Component:
  - component: {fileID: 7009276570606826386}
  - component: {fileID: 3283504278292553387}
  - component: {fileID: 4651759112830502308}
  - component: {fileID: 8901711203592232433}
  - component: {fileID: 1582130352747574227}
  m_Layer: 9
  m_Name: A_Opierka_Typ_K_Rohu
  m_TagString: Untagged
  m_Icon: {fileID: 0}
  m_NavMeshLayer: 0
  m_StaticEditorFlags: 0
  m_IsActive: 1
--- !u!4 &7009276570606826386
Transform:
  m_ObjectHideFlags: 0
  m_CorrespondingSourceObject: {fileID: 0}
  m_PrefabInstance: {fileID: 0}
  m_PrefabAsset: {fileID: 0}
  m_GameObject: {fileID: 4435331903368221213}
  m_LocalRotation: {x: 0, y: -0, z: -0, w: 1}
  m_LocalPosition: {x: -0, y: 0, z: 0}
  m_LocalScale: {x: 1, y: 1, z: 1}
  m_Children:
  - {fileID: 3439047276735427081}
  - {fileID: 6008986915417233128}
  - {fileID: 3656987430348968682}
  m_Father: {fileID: 5600693007630778226}
  m_RootOrder: 0
  m_LocalEulerAnglesHint: {x: 0, y: 0, z: 0}
--- !u!33 &3283504278292553387
MeshFilter:
  m_ObjectHideFlags: 0
  m_CorrespondingSourceObject: {fileID: 0}
  m_PrefabInstance: {fileID: 0}
  m_PrefabAsset: {fileID: 0}
  m_GameObject: {fileID: 4435331903368221213}
  m_Mesh: {fileID: -4902476121867152857, guid: 37b95f948a2803d41b0689d5133a8366, type: 3}
--- !u!23 &4651759112830502308
MeshRenderer:
  m_ObjectHideFlags: 0
  m_CorrespondingSourceObject: {fileID: 0}
  m_PrefabInstance: {fileID: 0}
  m_PrefabAsset: {fileID: 0}
  m_GameObject: {fileID: 4435331903368221213}
  m_Enabled: 1
  m_CastShadows: 1
  m_ReceiveShadows: 1
  m_DynamicOccludee: 1
  m_MotionVectors: 1
  m_LightProbeUsage: 1
  m_ReflectionProbeUsage: 1
  m_RenderingLayerMask: 1
  m_RendererPriority: 0
  m_Materials:
  - {fileID: -5635484798206224817, guid: 37b95f948a2803d41b0689d5133a8366, type: 3}
  m_StaticBatchInfo:
    firstSubMesh: 0
    subMeshCount: 0
  m_StaticBatchRoot: {fileID: 0}
  m_ProbeAnchor: {fileID: 0}
  m_LightProbeVolumeOverride: {fileID: 0}
  m_ScaleInLightmap: 1
  m_ReceiveGI: 1
  m_PreserveUVs: 0
  m_IgnoreNormalsForChartDetection: 0
  m_ImportantGI: 0
  m_StitchLightmapSeams: 1
  m_SelectedEditorRenderState: 3
  m_MinimumChartSize: 4
  m_AutoUVMaxDistance: 0.5
  m_AutoUVMaxAngle: 89
  m_LightmapParameters: {fileID: 0}
  m_SortingLayerID: 0
  m_SortingLayer: 0
  m_SortingOrder: 0
--- !u!64 &8901711203592232433
MeshCollider:
  m_ObjectHideFlags: 0
  m_CorrespondingSourceObject: {fileID: 0}
  m_PrefabInstance: {fileID: 0}
  m_PrefabAsset: {fileID: 0}
  m_GameObject: {fileID: 4435331903368221213}
  m_Material: {fileID: 0}
  m_IsTrigger: 0
  m_Enabled: 1
  serializedVersion: 3
  m_Convex: 0
  m_CookingOptions: 14
  m_Mesh: {fileID: -4902476121867152857, guid: 37b95f948a2803d41b0689d5133a8366, type: 3}
--- !u!114 &1582130352747574227
MonoBehaviour:
  m_ObjectHideFlags: 0
  m_CorrespondingSourceObject: {fileID: 0}
  m_PrefabInstance: {fileID: 0}
  m_PrefabAsset: {fileID: 0}
  m_GameObject: {fileID: 4435331903368221213}
  m_Enabled: 1
  m_EditorHideFlags: 0
  m_Script: {fileID: 11500000, guid: 816c52b73d7a1de4d8f07430f0420752, type: 3}
  m_Name: 
  m_EditorClassIdentifier: 
  partMeshType: main
  setMaterialIndex: -1
  setMaterialIndex2: -1
  sewing: 0
--- !u!64 &2141372033299735016
MeshCollider:
  m_ObjectHideFlags: 0
  m_CorrespondingSourceObject: {fileID: 0}
  m_PrefabInstance: {fileID: 0}
  m_PrefabAsset: {fileID: 0}
  m_GameObject: {fileID: 4488354433676542438}
  m_Material: {fileID: 0}
  m_IsTrigger: 0
  m_Enabled: 1
  serializedVersion: 3
  m_Convex: 0
  m_CookingOptions: 14
  m_Mesh: {fileID: -1674797299373180686, guid: 37b95f948a2803d41b0689d5133a8366, type: 3}
--- !u!114 &890778470346739517
MonoBehaviour:
  m_ObjectHideFlags: 0
  m_CorrespondingSourceObject: {fileID: 0}
  m_PrefabInstance: {fileID: 0}
  m_PrefabAsset: {fileID: 0}
  m_GameObject: {fileID: 4488354433676542438}
  m_Enabled: 1
  m_EditorHideFlags: 0
  m_Script: {fileID: 11500000, guid: 816c52b73d7a1de4d8f07430f0420752, type: 3}
  m_Name: 
  m_EditorClassIdentifier: 
  partMeshType: main
  setMaterialIndex: -1
  setMaterialIndex2: -1
  sewing: 0
--- !u!64 &3613122580062090085
MeshCollider:
  m_ObjectHideFlags: 0
  m_CorrespondingSourceObject: {fileID: 0}
  m_PrefabInstance: {fileID: 0}
  m_PrefabAsset: {fileID: 0}
  m_GameObject: {fileID: 5061923555664123482}
  m_Material: {fileID: 0}
  m_IsTrigger: 0
  m_Enabled: 1
  serializedVersion: 3
  m_Convex: 0
  m_CookingOptions: 14
  m_Mesh: {fileID: 6647241781447711939, guid: 37b95f948a2803d41b0689d5133a8366, type: 3}
--- !u!114 &5357822320925719622
MonoBehaviour:
  m_ObjectHideFlags: 0
  m_CorrespondingSourceObject: {fileID: 0}
  m_PrefabInstance: {fileID: 0}
  m_PrefabAsset: {fileID: 0}
  m_GameObject: {fileID: 5061923555664123482}
  m_Enabled: 1
  m_EditorHideFlags: 0
  m_Script: {fileID: 11500000, guid: 816c52b73d7a1de4d8f07430f0420752, type: 3}
  m_Name: 
  m_EditorClassIdentifier: 
  partMeshType: main
  setMaterialIndex: -1
  setMaterialIndex2: -1
  sewing: 0
--- !u!64 &395735101988364585
MeshCollider:
  m_ObjectHideFlags: 0
  m_CorrespondingSourceObject: {fileID: 0}
  m_PrefabInstance: {fileID: 0}
  m_PrefabAsset: {fileID: 0}
  m_GameObject: {fileID: 5122937268627920185}
  m_Material: {fileID: 0}
  m_IsTrigger: 0
  m_Enabled: 1
  serializedVersion: 3
  m_Convex: 0
  m_CookingOptions: 14
  m_Mesh: {fileID: 1655162944083253106, guid: 37b95f948a2803d41b0689d5133a8366, type: 3}
--- !u!114 &8603437749043607052
MonoBehaviour:
  m_ObjectHideFlags: 0
  m_CorrespondingSourceObject: {fileID: 0}
  m_PrefabInstance: {fileID: 0}
  m_PrefabAsset: {fileID: 0}
  m_GameObject: {fileID: 5122937268627920185}
  m_Enabled: 1
  m_EditorHideFlags: 0
  m_Script: {fileID: 11500000, guid: 816c52b73d7a1de4d8f07430f0420752, type: 3}
  m_Name: 
  m_EditorClassIdentifier: 
  partMeshType: main2
  setMaterialIndex: -1
  setMaterialIndex2: -1
  sewing: 0
--- !u!1 &5180346872794935121
GameObject:
  m_ObjectHideFlags: 0
  m_CorrespondingSourceObject: {fileID: 0}
  m_PrefabInstance: {fileID: 0}
  m_PrefabAsset: {fileID: 0}
  serializedVersion: 6
  m_Component:
  - component: {fileID: 7896388411943327650}
  - component: {fileID: 1960515461816096700}
  - component: {fileID: 2286203452075369535}
  - component: {fileID: 8578562008326593944}
  - component: {fileID: 5425986092066825296}
  m_Layer: 9
  m_Name: A_Zadok_Typ_K_Rohu
  m_TagString: Untagged
  m_Icon: {fileID: 0}
  m_NavMeshLayer: 0
  m_StaticEditorFlags: 0
  m_IsActive: 1
--- !u!4 &7896388411943327650
Transform:
  m_ObjectHideFlags: 0
  m_CorrespondingSourceObject: {fileID: 0}
  m_PrefabInstance: {fileID: 0}
  m_PrefabAsset: {fileID: 0}
  m_GameObject: {fileID: 5180346872794935121}
  m_LocalRotation: {x: 0, y: -0, z: -0, w: 1}
  m_LocalPosition: {x: -0, y: 0, z: 0}
  m_LocalScale: {x: 1, y: 1, z: 1}
  m_Children: []
  m_Father: {fileID: 5600693007630778226}
  m_RootOrder: 1
  m_LocalEulerAnglesHint: {x: 0, y: 0, z: 0}
--- !u!33 &1960515461816096700
MeshFilter:
  m_ObjectHideFlags: 0
  m_CorrespondingSourceObject: {fileID: 0}
  m_PrefabInstance: {fileID: 0}
  m_PrefabAsset: {fileID: 0}
  m_GameObject: {fileID: 5180346872794935121}
  m_Mesh: {fileID: 7997728853587602358, guid: 37b95f948a2803d41b0689d5133a8366, type: 3}
--- !u!23 &2286203452075369535
MeshRenderer:
  m_ObjectHideFlags: 0
  m_CorrespondingSourceObject: {fileID: 0}
  m_PrefabInstance: {fileID: 0}
  m_PrefabAsset: {fileID: 0}
  m_GameObject: {fileID: 5180346872794935121}
  m_Enabled: 1
  m_CastShadows: 1
  m_ReceiveShadows: 1
  m_DynamicOccludee: 1
  m_MotionVectors: 1
  m_LightProbeUsage: 1
  m_ReflectionProbeUsage: 1
  m_RenderingLayerMask: 1
  m_RendererPriority: 0
  m_Materials:
  - {fileID: -5209386559919585115, guid: 37b95f948a2803d41b0689d5133a8366, type: 3}
  m_StaticBatchInfo:
    firstSubMesh: 0
    subMeshCount: 0
  m_StaticBatchRoot: {fileID: 0}
  m_ProbeAnchor: {fileID: 0}
  m_LightProbeVolumeOverride: {fileID: 0}
  m_ScaleInLightmap: 1
  m_ReceiveGI: 1
  m_PreserveUVs: 0
  m_IgnoreNormalsForChartDetection: 0
  m_ImportantGI: 0
  m_StitchLightmapSeams: 1
  m_SelectedEditorRenderState: 3
  m_MinimumChartSize: 4
  m_AutoUVMaxDistance: 0.5
  m_AutoUVMaxAngle: 89
  m_LightmapParameters: {fileID: 0}
  m_SortingLayerID: 0
  m_SortingLayer: 0
  m_SortingOrder: 0
--- !u!64 &8578562008326593944
MeshCollider:
  m_ObjectHideFlags: 0
  m_CorrespondingSourceObject: {fileID: 0}
  m_PrefabInstance: {fileID: 0}
  m_PrefabAsset: {fileID: 0}
  m_GameObject: {fileID: 5180346872794935121}
  m_Material: {fileID: 0}
  m_IsTrigger: 0
  m_Enabled: 1
  serializedVersion: 3
  m_Convex: 0
  m_CookingOptions: 14
  m_Mesh: {fileID: 7997728853587602358, guid: 37b95f948a2803d41b0689d5133a8366, type: 3}
--- !u!114 &5425986092066825296
MonoBehaviour:
  m_ObjectHideFlags: 0
  m_CorrespondingSourceObject: {fileID: 0}
  m_PrefabInstance: {fileID: 0}
  m_PrefabAsset: {fileID: 0}
  m_GameObject: {fileID: 5180346872794935121}
  m_Enabled: 1
  m_EditorHideFlags: 0
  m_Script: {fileID: 11500000, guid: 816c52b73d7a1de4d8f07430f0420752, type: 3}
  m_Name: 
  m_EditorClassIdentifier: 
  partMeshType: main2
  setMaterialIndex: -1
  setMaterialIndex2: -1
  sewing: 0
--- !u!64 &4762758627231422373
MeshCollider:
  m_ObjectHideFlags: 0
  m_CorrespondingSourceObject: {fileID: 0}
  m_PrefabInstance: {fileID: 0}
  m_PrefabAsset: {fileID: 0}
  m_GameObject: {fileID: 5197931858854125594}
  m_Material: {fileID: 0}
  m_IsTrigger: 0
  m_Enabled: 1
  serializedVersion: 3
  m_Convex: 0
  m_CookingOptions: 14
  m_Mesh: {fileID: 8926310797465643439, guid: 37b95f948a2803d41b0689d5133a8366, type: 3}
--- !u!114 &6835821600317736917
MonoBehaviour:
  m_ObjectHideFlags: 0
  m_CorrespondingSourceObject: {fileID: 0}
  m_PrefabInstance: {fileID: 0}
  m_PrefabAsset: {fileID: 0}
  m_GameObject: {fileID: 5197931858854125594}
  m_Enabled: 1
  m_EditorHideFlags: 0
  m_Script: {fileID: 11500000, guid: 816c52b73d7a1de4d8f07430f0420752, type: 3}
  m_Name: 
  m_EditorClassIdentifier: 
  partMeshType: main
  setMaterialIndex: -1
  setMaterialIndex2: -1
  sewing: 0
--- !u!64 &1816271598375241288
MeshCollider:
  m_ObjectHideFlags: 0
  m_CorrespondingSourceObject: {fileID: 0}
  m_PrefabInstance: {fileID: 0}
  m_PrefabAsset: {fileID: 0}
  m_GameObject: {fileID: 5995127571635164441}
  m_Material: {fileID: 0}
  m_IsTrigger: 0
  m_Enabled: 1
  serializedVersion: 3
  m_Convex: 0
  m_CookingOptions: 14
  m_Mesh: {fileID: -4670917684861523796, guid: 37b95f948a2803d41b0689d5133a8366, type: 3}
--- !u!114 &3231775327841072691
MonoBehaviour:
  m_ObjectHideFlags: 0
  m_CorrespondingSourceObject: {fileID: 0}
  m_PrefabInstance: {fileID: 0}
  m_PrefabAsset: {fileID: 0}
  m_GameObject: {fileID: 5995127571635164441}
  m_Enabled: 1
  m_EditorHideFlags: 0
  m_Script: {fileID: 11500000, guid: 1030b2116dfab9343be14c0d0839ab5e, type: 3}
  m_Name: 
  m_EditorClassIdentifier: 
  ActivateObject: {fileID: 8141962373910657880}
  deactivateOnStart: 0
  DeactivateObjectInsteadOfThis: {fileID: 3888223024714432010}
--- !u!1 &6484850051604344099
GameObject:
  m_ObjectHideFlags: 0
  m_CorrespondingSourceObject: {fileID: 0}
  m_PrefabInstance: {fileID: 0}
  m_PrefabAsset: {fileID: 0}
  serializedVersion: 6
  m_Component:
  - component: {fileID: 2345504170382697370}
  - component: {fileID: 111471007378507437}
  m_Layer: 9
  m_Name: Taburet
  m_TagString: Untagged
  m_Icon: {fileID: 0}
  m_NavMeshLayer: 0
  m_StaticEditorFlags: 0
  m_IsActive: 1
--- !u!4 &2345504170382697370
Transform:
  m_ObjectHideFlags: 0
  m_CorrespondingSourceObject: {fileID: 0}
  m_PrefabInstance: {fileID: 0}
  m_PrefabAsset: {fileID: 0}
  m_GameObject: {fileID: 6484850051604344099}
  m_LocalRotation: {x: 0.000000021855694, y: -0.00000004371139, z: 9.553427e-16, w: 1}
  m_LocalPosition: {x: 0, y: 0, z: 1.5}
  m_LocalScale: {x: 1, y: 1, z: 1}
  m_Children: []
  m_Father: {fileID: 8602092108822694566}
  m_RootOrder: 0
  m_LocalEulerAnglesHint: {x: 0, y: 0, z: 0}
--- !u!114 &111471007378507437
MonoBehaviour:
  m_ObjectHideFlags: 0
  m_CorrespondingSourceObject: {fileID: 0}
  m_PrefabInstance: {fileID: 0}
  m_PrefabAsset: {fileID: 0}
  m_GameObject: {fileID: 6484850051604344099}
  m_Enabled: 1
  m_EditorHideFlags: 0
  m_Script: {fileID: 11500000, guid: 298df71d7d1c94f47a9df2b26686031c, type: 3}
  m_Name: 
  m_EditorClassIdentifier: 
  type: 2
  connection: l
  allowedCategories: []
  disallowedCategories: []
  partPointGUI: {fileID: 0}
  activateOnDisconnect: []
  connectedTo: {fileID: 0}
  part: {fileID: 0}
--- !u!64 &6609472534185475568
MeshCollider:
  m_ObjectHideFlags: 0
  m_CorrespondingSourceObject: {fileID: 0}
  m_PrefabInstance: {fileID: 0}
  m_PrefabAsset: {fileID: 0}
  m_GameObject: {fileID: 6625442000860592213}
  m_Material: {fileID: 0}
  m_IsTrigger: 0
  m_Enabled: 1
  serializedVersion: 3
  m_Convex: 0
  m_CookingOptions: 14
  m_Mesh: {fileID: -3678544376076516542, guid: 37b95f948a2803d41b0689d5133a8366, type: 3}
--- !u!114 &6062871569172783008
MonoBehaviour:
  m_ObjectHideFlags: 0
  m_CorrespondingSourceObject: {fileID: 0}
  m_PrefabInstance: {fileID: 0}
  m_PrefabAsset: {fileID: 0}
  m_GameObject: {fileID: 6625442000860592213}
  m_Enabled: 1
  m_EditorHideFlags: 0
  m_Script: {fileID: 11500000, guid: 816c52b73d7a1de4d8f07430f0420752, type: 3}
  m_Name: 
  m_EditorClassIdentifier: 
  partMeshType: main
  setMaterialIndex: -1
  setMaterialIndex2: -1
  sewing: 0
--- !u!64 &1037904128100094632
MeshCollider:
  m_ObjectHideFlags: 0
  m_CorrespondingSourceObject: {fileID: 0}
  m_PrefabInstance: {fileID: 0}
  m_PrefabAsset: {fileID: 0}
  m_GameObject: {fileID: 7213103953560806014}
  m_Material: {fileID: 0}
  m_IsTrigger: 0
  m_Enabled: 1
  serializedVersion: 3
  m_Convex: 0
  m_CookingOptions: 14
  m_Mesh: {fileID: -4902476121867152857, guid: 37b95f948a2803d41b0689d5133a8366, type: 3}
--- !u!114 &5883666324575975922
MonoBehaviour:
  m_ObjectHideFlags: 0
  m_CorrespondingSourceObject: {fileID: 0}
  m_PrefabInstance: {fileID: 0}
  m_PrefabAsset: {fileID: 0}
  m_GameObject: {fileID: 7213103953560806014}
  m_Enabled: 1
  m_EditorHideFlags: 0
  m_Script: {fileID: 11500000, guid: 816c52b73d7a1de4d8f07430f0420752, type: 3}
  m_Name: 
  m_EditorClassIdentifier: 
  partMeshType: main
  setMaterialIndex: -1
  setMaterialIndex2: -1
  sewing: 0
--- !u!64 &2968325121861515543
MeshCollider:
  m_ObjectHideFlags: 0
  m_CorrespondingSourceObject: {fileID: 0}
  m_PrefabInstance: {fileID: 0}
  m_PrefabAsset: {fileID: 0}
  m_GameObject: {fileID: 7317084272936454952}
  m_Material: {fileID: 0}
  m_IsTrigger: 0
  m_Enabled: 1
  serializedVersion: 3
  m_Convex: 0
  m_CookingOptions: 14
  m_Mesh: {fileID: 5776908731947993200, guid: 37b95f948a2803d41b0689d5133a8366, type: 3}
--- !u!114 &4147423227382253528
MonoBehaviour:
  m_ObjectHideFlags: 0
  m_CorrespondingSourceObject: {fileID: 0}
  m_PrefabInstance: {fileID: 0}
  m_PrefabAsset: {fileID: 0}
  m_GameObject: {fileID: 7317084272936454952}
  m_Enabled: 1
  m_EditorHideFlags: 0
  m_Script: {fileID: 11500000, guid: 816c52b73d7a1de4d8f07430f0420752, type: 3}
  m_Name: 
  m_EditorClassIdentifier: 
  partMeshType: main
  setMaterialIndex: -1
  setMaterialIndex2: -1
  sewing: 0
--- !u!64 &5029646363138824663
MeshCollider:
  m_ObjectHideFlags: 0
  m_CorrespondingSourceObject: {fileID: 0}
  m_PrefabInstance: {fileID: 0}
  m_PrefabAsset: {fileID: 0}
  m_GameObject: {fileID: 7455292106949420428}
  m_Material: {fileID: 0}
  m_IsTrigger: 0
  m_Enabled: 1
  serializedVersion: 3
  m_Convex: 0
  m_CookingOptions: 14
  m_Mesh: {fileID: 3222180180461995915, guid: 37b95f948a2803d41b0689d5133a8366, type: 3}
--- !u!114 &9220057191305141515
MonoBehaviour:
  m_ObjectHideFlags: 0
  m_CorrespondingSourceObject: {fileID: 0}
  m_PrefabInstance: {fileID: 0}
  m_PrefabAsset: {fileID: 0}
  m_GameObject: {fileID: 7455292106949420428}
  m_Enabled: 1
  m_EditorHideFlags: 0
  m_Script: {fileID: 11500000, guid: 816c52b73d7a1de4d8f07430f0420752, type: 3}
  m_Name: 
  m_EditorClassIdentifier: 
  partMeshType: main2
  setMaterialIndex: -1
  setMaterialIndex2: -1
  sewing: 0
--- !u!64 &7933342453093113333
MeshCollider:
  m_ObjectHideFlags: 0
  m_CorrespondingSourceObject: {fileID: 0}
  m_PrefabInstance: {fileID: 0}
  m_PrefabAsset: {fileID: 0}
  m_GameObject: {fileID: 7464479855230280320}
  m_Material: {fileID: 0}
  m_IsTrigger: 0
  m_Enabled: 1
  serializedVersion: 3
  m_Convex: 0
  m_CookingOptions: 14
  m_Mesh: {fileID: 9196315966011539838, guid: 37b95f948a2803d41b0689d5133a8366, type: 3}
--- !u!114 &8053832774162863423
MonoBehaviour:
  m_ObjectHideFlags: 0
  m_CorrespondingSourceObject: {fileID: 0}
  m_PrefabInstance: {fileID: 0}
  m_PrefabAsset: {fileID: 0}
  m_GameObject: {fileID: 7464479855230280320}
  m_Enabled: 1
  m_EditorHideFlags: 0
  m_Script: {fileID: 11500000, guid: 816c52b73d7a1de4d8f07430f0420752, type: 3}
  m_Name: 
  m_EditorClassIdentifier: 
  partMeshType: main
  setMaterialIndex: -1
  setMaterialIndex2: -1
  sewing: 0
--- !u!64 &1527630326733987800
MeshCollider:
  m_ObjectHideFlags: 0
  m_CorrespondingSourceObject: {fileID: 0}
  m_PrefabInstance: {fileID: 0}
  m_PrefabAsset: {fileID: 0}
  m_GameObject: {fileID: 7475082637129249034}
  m_Material: {fileID: 0}
  m_IsTrigger: 0
  m_Enabled: 1
  serializedVersion: 3
  m_Convex: 0
  m_CookingOptions: 14
  m_Mesh: {fileID: 8278569230245638957, guid: 37b95f948a2803d41b0689d5133a8366, type: 3}
--- !u!114 &3646641138978421566
MonoBehaviour:
  m_ObjectHideFlags: 0
  m_CorrespondingSourceObject: {fileID: 0}
  m_PrefabInstance: {fileID: 0}
  m_PrefabAsset: {fileID: 0}
  m_GameObject: {fileID: 7475082637129249034}
  m_Enabled: 1
  m_EditorHideFlags: 0
  m_Script: {fileID: 11500000, guid: 816c52b73d7a1de4d8f07430f0420752, type: 3}
  m_Name: 
  m_EditorClassIdentifier: 
  partMeshType: main
  setMaterialIndex: -1
  setMaterialIndex2: -1
  sewing: 0
--- !u!1 &7891427300022384197
GameObject:
  m_ObjectHideFlags: 0
  m_CorrespondingSourceObject: {fileID: 0}
  m_PrefabInstance: {fileID: 0}
  m_PrefabAsset: {fileID: 0}
  serializedVersion: 6
  m_Component:
  - component: {fileID: 3439047276735427081}
  - component: {fileID: 990167228618874229}
  - component: {fileID: 5353786758674959691}
  - component: {fileID: 7053272384787225761}
  - component: {fileID: 2229531447814528266}
  m_Layer: 9
  m_Name: A_Opierka_Typ_K_Rohu_Sev
  m_TagString: Untagged
  m_Icon: {fileID: 0}
  m_NavMeshLayer: 0
  m_StaticEditorFlags: 0
  m_IsActive: 1
--- !u!4 &3439047276735427081
Transform:
  m_ObjectHideFlags: 0
  m_CorrespondingSourceObject: {fileID: 0}
  m_PrefabInstance: {fileID: 0}
  m_PrefabAsset: {fileID: 0}
  m_GameObject: {fileID: 7891427300022384197}
  m_LocalRotation: {x: 0, y: -0, z: -0, w: 1}
  m_LocalPosition: {x: -0, y: 0, z: 0}
  m_LocalScale: {x: 1, y: 0.9999999, z: 0.9999999}
  m_Children: []
  m_Father: {fileID: 7009276570606826386}
  m_RootOrder: 0
  m_LocalEulerAnglesHint: {x: 0, y: 0, z: 0}
--- !u!33 &990167228618874229
MeshFilter:
  m_ObjectHideFlags: 0
  m_CorrespondingSourceObject: {fileID: 0}
  m_PrefabInstance: {fileID: 0}
  m_PrefabAsset: {fileID: 0}
  m_GameObject: {fileID: 7891427300022384197}
  m_Mesh: {fileID: 9055658968553103721, guid: 37b95f948a2803d41b0689d5133a8366, type: 3}
--- !u!23 &5353786758674959691
MeshRenderer:
  m_ObjectHideFlags: 0
  m_CorrespondingSourceObject: {fileID: 0}
  m_PrefabInstance: {fileID: 0}
  m_PrefabAsset: {fileID: 0}
  m_GameObject: {fileID: 7891427300022384197}
  m_Enabled: 1
  m_CastShadows: 1
  m_ReceiveShadows: 1
  m_DynamicOccludee: 1
  m_MotionVectors: 1
  m_LightProbeUsage: 1
  m_ReflectionProbeUsage: 1
  m_RenderingLayerMask: 1
  m_RendererPriority: 0
  m_Materials:
  - {fileID: -5635484798206224817, guid: 37b95f948a2803d41b0689d5133a8366, type: 3}
  m_StaticBatchInfo:
    firstSubMesh: 0
    subMeshCount: 0
  m_StaticBatchRoot: {fileID: 0}
  m_ProbeAnchor: {fileID: 0}
  m_LightProbeVolumeOverride: {fileID: 0}
  m_ScaleInLightmap: 1
  m_ReceiveGI: 1
  m_PreserveUVs: 0
  m_IgnoreNormalsForChartDetection: 0
  m_ImportantGI: 0
  m_StitchLightmapSeams: 1
  m_SelectedEditorRenderState: 3
  m_MinimumChartSize: 4
  m_AutoUVMaxDistance: 0.5
  m_AutoUVMaxAngle: 89
  m_LightmapParameters: {fileID: 0}
  m_SortingLayerID: 0
  m_SortingLayer: 0
  m_SortingOrder: 0
--- !u!64 &7053272384787225761
MeshCollider:
  m_ObjectHideFlags: 0
  m_CorrespondingSourceObject: {fileID: 0}
  m_PrefabInstance: {fileID: 0}
  m_PrefabAsset: {fileID: 0}
  m_GameObject: {fileID: 7891427300022384197}
  m_Material: {fileID: 0}
  m_IsTrigger: 0
  m_Enabled: 1
  serializedVersion: 3
  m_Convex: 0
  m_CookingOptions: 14
  m_Mesh: {fileID: 9055658968553103721, guid: 37b95f948a2803d41b0689d5133a8366, type: 3}
--- !u!114 &2229531447814528266
MonoBehaviour:
  m_ObjectHideFlags: 0
  m_CorrespondingSourceObject: {fileID: 0}
  m_PrefabInstance: {fileID: 0}
  m_PrefabAsset: {fileID: 0}
  m_GameObject: {fileID: 7891427300022384197}
  m_Enabled: 1
  m_EditorHideFlags: 0
  m_Script: {fileID: 11500000, guid: 816c52b73d7a1de4d8f07430f0420752, type: 3}
  m_Name: 
  m_EditorClassIdentifier: 
  partMeshType: main
  setMaterialIndex: -1
  setMaterialIndex2: -1
  sewing: 0
--- !u!64 &792112961721019563
MeshCollider:
  m_ObjectHideFlags: 0
  m_CorrespondingSourceObject: {fileID: 0}
  m_PrefabInstance: {fileID: 0}
  m_PrefabAsset: {fileID: 0}
  m_GameObject: {fileID: 8091958538130620426}
  m_Material: {fileID: 0}
  m_IsTrigger: 0
  m_Enabled: 1
  serializedVersion: 3
  m_Convex: 0
  m_CookingOptions: 14
  m_Mesh: {fileID: 6901953392887832981, guid: 37b95f948a2803d41b0689d5133a8366, type: 3}
--- !u!114 &8553984822846276860
MonoBehaviour:
  m_ObjectHideFlags: 0
  m_CorrespondingSourceObject: {fileID: 0}
  m_PrefabInstance: {fileID: 0}
  m_PrefabAsset: {fileID: 0}
  m_GameObject: {fileID: 8091958538130620426}
  m_Enabled: 1
  m_EditorHideFlags: 0
  m_Script: {fileID: 11500000, guid: 816c52b73d7a1de4d8f07430f0420752, type: 3}
  m_Name: 
  m_EditorClassIdentifier: 
  partMeshType: main2
  setMaterialIndex: -1
  setMaterialIndex2: -1
  sewing: 0
--- !u!64 &3394014514569654027
MeshCollider:
  m_ObjectHideFlags: 0
  m_CorrespondingSourceObject: {fileID: 0}
  m_PrefabInstance: {fileID: 0}
  m_PrefabAsset: {fileID: 0}
  m_GameObject: {fileID: 8141962373910657880}
  m_Material: {fileID: 0}
  m_IsTrigger: 0
  m_Enabled: 1
  serializedVersion: 3
  m_Convex: 0
  m_CookingOptions: 14
  m_Mesh: {fileID: 7218681946740155930, guid: 37b95f948a2803d41b0689d5133a8366, type: 3}
--- !u!114 &7020982881269334094
MonoBehaviour:
  m_ObjectHideFlags: 0
  m_CorrespondingSourceObject: {fileID: 0}
  m_PrefabInstance: {fileID: 0}
  m_PrefabAsset: {fileID: 0}
  m_GameObject: {fileID: 8141962373910657880}
  m_Enabled: 1
  m_EditorHideFlags: 0
  m_Script: {fileID: 11500000, guid: 816c52b73d7a1de4d8f07430f0420752, type: 3}
  m_Name: 
  m_EditorClassIdentifier: 
  partMeshType: main2
  setMaterialIndex: -1
  setMaterialIndex2: -1
  sewing: 0
--- !u!114 &7638540449532786201
MonoBehaviour:
  m_ObjectHideFlags: 0
  m_CorrespondingSourceObject: {fileID: 0}
  m_PrefabInstance: {fileID: 0}
  m_PrefabAsset: {fileID: 0}
  m_GameObject: {fileID: 8141962373910657880}
  m_Enabled: 1
  m_EditorHideFlags: 0
  m_Script: {fileID: 11500000, guid: 1030b2116dfab9343be14c0d0839ab5e, type: 3}
  m_Name: 
  m_EditorClassIdentifier: 
  ActivateObject: {fileID: 3888223024714432010}
  deactivateOnStart: 0
  DeactivateObjectInsteadOfThis: {fileID: 0}
--- !u!114 &9010775696120127584
MonoBehaviour:
  m_ObjectHideFlags: 0
  m_CorrespondingSourceObject: {fileID: 0}
  m_PrefabInstance: {fileID: 0}
  m_PrefabAsset: {fileID: 0}
  m_GameObject: {fileID: 8385446078328863014}
  m_Enabled: 1
  m_EditorHideFlags: 0
  m_Script: {fileID: 11500000, guid: 298df71d7d1c94f47a9df2b26686031c, type: 3}
  m_Name: 
  m_EditorClassIdentifier: 
  type: 0
  connection: r
  allowedCategories: []
  disallowedCategories: []
  partPointGUI: {fileID: 0}
  activateOnDisconnect: []
  connectedTo: {fileID: 0}
  part: {fileID: 0}
--- !u!1 &8724414964935522104
GameObject:
  m_ObjectHideFlags: 0
  m_CorrespondingSourceObject: {fileID: 0}
  m_PrefabInstance: {fileID: 0}
  m_PrefabAsset: {fileID: 0}
  serializedVersion: 6
  m_Component:
  - component: {fileID: 6008986915417233128}
  - component: {fileID: 6508804047227513358}
  - component: {fileID: 5270929635240216585}
  - component: {fileID: 7336974445687366476}
  - component: {fileID: 5790228855775895221}
  m_Layer: 9
  m_Name: A_Opierka_Typ_K_Rohu_Sev.001
  m_TagString: Untagged
  m_Icon: {fileID: 0}
  m_NavMeshLayer: 0
  m_StaticEditorFlags: 0
  m_IsActive: 1
--- !u!4 &6008986915417233128
Transform:
  m_ObjectHideFlags: 0
  m_CorrespondingSourceObject: {fileID: 0}
  m_PrefabInstance: {fileID: 0}
  m_PrefabAsset: {fileID: 0}
  m_GameObject: {fileID: 8724414964935522104}
  m_LocalRotation: {x: 0, y: -0, z: -0, w: 1}
  m_LocalPosition: {x: -0, y: 0, z: 0}
  m_LocalScale: {x: 1, y: 0.9999999, z: 0.9999999}
  m_Children: []
  m_Father: {fileID: 7009276570606826386}
  m_RootOrder: 1
  m_LocalEulerAnglesHint: {x: 0, y: 0, z: 0}
--- !u!33 &6508804047227513358
MeshFilter:
  m_ObjectHideFlags: 0
  m_CorrespondingSourceObject: {fileID: 0}
  m_PrefabInstance: {fileID: 0}
  m_PrefabAsset: {fileID: 0}
  m_GameObject: {fileID: 8724414964935522104}
  m_Mesh: {fileID: 5228822950220416964, guid: 37b95f948a2803d41b0689d5133a8366, type: 3}
--- !u!23 &5270929635240216585
MeshRenderer:
  m_ObjectHideFlags: 0
  m_CorrespondingSourceObject: {fileID: 0}
  m_PrefabInstance: {fileID: 0}
  m_PrefabAsset: {fileID: 0}
  m_GameObject: {fileID: 8724414964935522104}
  m_Enabled: 1
  m_CastShadows: 1
  m_ReceiveShadows: 1
  m_DynamicOccludee: 1
  m_MotionVectors: 1
  m_LightProbeUsage: 1
  m_ReflectionProbeUsage: 1
  m_RenderingLayerMask: 1
  m_RendererPriority: 0
  m_Materials:
  - {fileID: -5635484798206224817, guid: 37b95f948a2803d41b0689d5133a8366, type: 3}
  m_StaticBatchInfo:
    firstSubMesh: 0
    subMeshCount: 0
  m_StaticBatchRoot: {fileID: 0}
  m_ProbeAnchor: {fileID: 0}
  m_LightProbeVolumeOverride: {fileID: 0}
  m_ScaleInLightmap: 1
  m_ReceiveGI: 1
  m_PreserveUVs: 0
  m_IgnoreNormalsForChartDetection: 0
  m_ImportantGI: 0
  m_StitchLightmapSeams: 1
  m_SelectedEditorRenderState: 3
  m_MinimumChartSize: 4
  m_AutoUVMaxDistance: 0.5
  m_AutoUVMaxAngle: 89
  m_LightmapParameters: {fileID: 0}
  m_SortingLayerID: 0
  m_SortingLayer: 0
  m_SortingOrder: 0
--- !u!64 &7336974445687366476
MeshCollider:
  m_ObjectHideFlags: 0
  m_CorrespondingSourceObject: {fileID: 0}
  m_PrefabInstance: {fileID: 0}
  m_PrefabAsset: {fileID: 0}
  m_GameObject: {fileID: 8724414964935522104}
  m_Material: {fileID: 0}
  m_IsTrigger: 0
  m_Enabled: 1
  serializedVersion: 3
  m_Convex: 0
  m_CookingOptions: 14
  m_Mesh: {fileID: 5228822950220416964, guid: 37b95f948a2803d41b0689d5133a8366, type: 3}
--- !u!114 &5790228855775895221
MonoBehaviour:
  m_ObjectHideFlags: 0
  m_CorrespondingSourceObject: {fileID: 0}
  m_PrefabInstance: {fileID: 0}
  m_PrefabAsset: {fileID: 0}
  m_GameObject: {fileID: 8724414964935522104}
  m_Enabled: 1
  m_EditorHideFlags: 0
  m_Script: {fileID: 11500000, guid: 816c52b73d7a1de4d8f07430f0420752, type: 3}
  m_Name: 
  m_EditorClassIdentifier: 
  partMeshType: main
  setMaterialIndex: -1
  setMaterialIndex2: -1
  sewing: 0
--- !u!64 &3744043337788433559
MeshCollider:
  m_ObjectHideFlags: 0
  m_CorrespondingSourceObject: {fileID: 0}
  m_PrefabInstance: {fileID: 0}
  m_PrefabAsset: {fileID: 0}
  m_GameObject: {fileID: 8813097741305153964}
  m_Material: {fileID: 0}
  m_IsTrigger: 0
  m_Enabled: 1
  serializedVersion: 3
  m_Convex: 0
  m_CookingOptions: 14
  m_Mesh: {fileID: -7539056245686772026, guid: 37b95f948a2803d41b0689d5133a8366, type: 3}
--- !u!114 &782858554037140234
MonoBehaviour:
  m_ObjectHideFlags: 0
  m_CorrespondingSourceObject: {fileID: 0}
  m_PrefabInstance: {fileID: 0}
  m_PrefabAsset: {fileID: 0}
  m_GameObject: {fileID: 8813097741305153964}
  m_Enabled: 1
  m_EditorHideFlags: 0
  m_Script: {fileID: 11500000, guid: 1030b2116dfab9343be14c0d0839ab5e, type: 3}
  m_Name: 
  m_EditorClassIdentifier: 
  ActivateObject: {fileID: 8141962373910657880}
  deactivateOnStart: 0
  DeactivateObjectInsteadOfThis: {fileID: 3888223024714432010}
--- !u!114 &2150062179490289943
MonoBehaviour:
  m_ObjectHideFlags: 0
  m_CorrespondingSourceObject: {fileID: 0}
  m_PrefabInstance: {fileID: 0}
  m_PrefabAsset: {fileID: 0}
  m_GameObject: {fileID: 8813097741305153964}
  m_Enabled: 1
  m_EditorHideFlags: 0
  m_Script: {fileID: 11500000, guid: 816c52b73d7a1de4d8f07430f0420752, type: 3}
  m_Name: 
  m_EditorClassIdentifier: 
  partMeshType: main2
  setMaterialIndex: -1
  setMaterialIndex2: -1
  sewing: 0
--- !u!1001 &1893903909046788248
PrefabInstance:
  m_ObjectHideFlags: 0
  serializedVersion: 2
  m_Modification:
    m_TransformParent: {fileID: 8602092108822694566}
    m_Modifications:
    - target: {fileID: -927199367670048503, guid: 37b95f948a2803d41b0689d5133a8366,
        type: 3}
      propertyPath: m_Name
      value: A1
      objectReference: {fileID: 0}
    - target: {fileID: -927199367670048503, guid: 37b95f948a2803d41b0689d5133a8366,
        type: 3}
      propertyPath: m_Layer
      value: 9
      objectReference: {fileID: 0}
    - target: {fileID: -4777903785560681843, guid: 37b95f948a2803d41b0689d5133a8366,
        type: 3}
      propertyPath: m_Layer
      value: 9
      objectReference: {fileID: 0}
    - target: {fileID: -4777903785560681843, guid: 37b95f948a2803d41b0689d5133a8366,
        type: 3}
      propertyPath: m_IsActive
      value: 1
      objectReference: {fileID: 0}
    - target: {fileID: 4426252736693674898, guid: 37b95f948a2803d41b0689d5133a8366,
        type: 3}
      propertyPath: m_Layer
      value: 9
      objectReference: {fileID: 0}
    - target: {fileID: 4426252736693674898, guid: 37b95f948a2803d41b0689d5133a8366,
        type: 3}
      propertyPath: m_IsActive
      value: 0
      objectReference: {fileID: 0}
    - target: {fileID: 4426252736693674898, guid: 37b95f948a2803d41b0689d5133a8366,
        type: 3}
      propertyPath: m_Name
      value: A1_K_Rohu_P
      objectReference: {fileID: 0}
    - target: {fileID: 1401224111765298255, guid: 37b95f948a2803d41b0689d5133a8366,
        type: 3}
      propertyPath: m_Layer
      value: 9
      objectReference: {fileID: 0}
    - target: {fileID: 1401224111765298255, guid: 37b95f948a2803d41b0689d5133a8366,
        type: 3}
      propertyPath: m_IsActive
      value: 0
      objectReference: {fileID: 0}
    - target: {fileID: -5783253386242810222, guid: 37b95f948a2803d41b0689d5133a8366,
        type: 3}
      propertyPath: m_IsActive
      value: 0
      objectReference: {fileID: 0}
    - target: {fileID: 8414786939967098622, guid: 37b95f948a2803d41b0689d5133a8366,
        type: 3}
      propertyPath: m_Layer
      value: 9
      objectReference: {fileID: 0}
    - target: {fileID: -6824978740594824608, guid: 37b95f948a2803d41b0689d5133a8366,
        type: 3}
      propertyPath: m_Layer
      value: 9
      objectReference: {fileID: 0}
    - target: {fileID: -6824978740594824608, guid: 37b95f948a2803d41b0689d5133a8366,
        type: 3}
      propertyPath: m_IsActive
      value: 0
      objectReference: {fileID: 0}
    - target: {fileID: 2816085083659788927, guid: 37b95f948a2803d41b0689d5133a8366,
        type: 3}
      propertyPath: m_Layer
      value: 9
      objectReference: {fileID: 0}
    - target: {fileID: 7932925084921944510, guid: 37b95f948a2803d41b0689d5133a8366,
        type: 3}
      propertyPath: m_Layer
      value: 9
      objectReference: {fileID: 0}
    - target: {fileID: -4216859302048453862, guid: 37b95f948a2803d41b0689d5133a8366,
        type: 3}
      propertyPath: m_LocalPosition.x
      value: 0
      objectReference: {fileID: 0}
    - target: {fileID: -4216859302048453862, guid: 37b95f948a2803d41b0689d5133a8366,
        type: 3}
      propertyPath: m_LocalPosition.y
      value: 0
      objectReference: {fileID: 0}
    - target: {fileID: -4216859302048453862, guid: 37b95f948a2803d41b0689d5133a8366,
        type: 3}
      propertyPath: m_LocalPosition.z
      value: 0
      objectReference: {fileID: 0}
    - target: {fileID: -4216859302048453862, guid: 37b95f948a2803d41b0689d5133a8366,
        type: 3}
      propertyPath: m_LocalRotation.x
      value: 0
      objectReference: {fileID: 0}
    - target: {fileID: -4216859302048453862, guid: 37b95f948a2803d41b0689d5133a8366,
        type: 3}
      propertyPath: m_LocalRotation.y
      value: 0
      objectReference: {fileID: 0}
    - target: {fileID: -4216859302048453862, guid: 37b95f948a2803d41b0689d5133a8366,
        type: 3}
      propertyPath: m_LocalRotation.z
      value: 0
      objectReference: {fileID: 0}
    - target: {fileID: -4216859302048453862, guid: 37b95f948a2803d41b0689d5133a8366,
        type: 3}
      propertyPath: m_LocalRotation.w
      value: 1
      objectReference: {fileID: 0}
    - target: {fileID: -4216859302048453862, guid: 37b95f948a2803d41b0689d5133a8366,
        type: 3}
      propertyPath: m_RootOrder
      value: 1
      objectReference: {fileID: 0}
    - target: {fileID: -4216859302048453862, guid: 37b95f948a2803d41b0689d5133a8366,
        type: 3}
      propertyPath: m_LocalEulerAnglesHint.x
      value: 0
      objectReference: {fileID: 0}
    - target: {fileID: -4216859302048453862, guid: 37b95f948a2803d41b0689d5133a8366,
        type: 3}
      propertyPath: m_LocalEulerAnglesHint.y
      value: 0
      objectReference: {fileID: 0}
    - target: {fileID: -4216859302048453862, guid: 37b95f948a2803d41b0689d5133a8366,
        type: 3}
      propertyPath: m_LocalEulerAnglesHint.z
      value: 0
      objectReference: {fileID: 0}
    - target: {fileID: -3711683917537452822, guid: 37b95f948a2803d41b0689d5133a8366,
        type: 3}
      propertyPath: m_RootOrder
      value: 8
      objectReference: {fileID: 0}
    - target: {fileID: -7254081236928922353, guid: 37b95f948a2803d41b0689d5133a8366,
        type: 3}
      propertyPath: m_Layer
      value: 9
      objectReference: {fileID: 0}
    - target: {fileID: -8946726918821587430, guid: 37b95f948a2803d41b0689d5133a8366,
        type: 3}
      propertyPath: m_Layer
      value: 9
      objectReference: {fileID: 0}
    - target: {fileID: -8946726918821587430, guid: 37b95f948a2803d41b0689d5133a8366,
        type: 3}
      propertyPath: m_IsActive
      value: 1
      objectReference: {fileID: 0}
    - target: {fileID: 396227146481874652, guid: 37b95f948a2803d41b0689d5133a8366,
        type: 3}
      propertyPath: m_Layer
      value: 9
      objectReference: {fileID: 0}
    - target: {fileID: -4803281944709813217, guid: 37b95f948a2803d41b0689d5133a8366,
        type: 3}
      propertyPath: m_Layer
      value: 9
      objectReference: {fileID: 0}
    - target: {fileID: -6017274841071009094, guid: 37b95f948a2803d41b0689d5133a8366,
        type: 3}
      propertyPath: m_Layer
      value: 9
      objectReference: {fileID: 0}
    - target: {fileID: 2594540684587442558, guid: 37b95f948a2803d41b0689d5133a8366,
        type: 3}
      propertyPath: m_Layer
      value: 9
      objectReference: {fileID: 0}
    - target: {fileID: -2560314849020086590, guid: 37b95f948a2803d41b0689d5133a8366,
        type: 3}
      propertyPath: m_Layer
      value: 9
      objectReference: {fileID: 0}
    - target: {fileID: 6723922482830013857, guid: 37b95f948a2803d41b0689d5133a8366,
        type: 3}
      propertyPath: m_Layer
      value: 9
      objectReference: {fileID: 0}
    - target: {fileID: 5938766790990135426, guid: 37b95f948a2803d41b0689d5133a8366,
        type: 3}
      propertyPath: m_Layer
      value: 9
      objectReference: {fileID: 0}
    - target: {fileID: -120919589751094554, guid: 37b95f948a2803d41b0689d5133a8366,
        type: 3}
      propertyPath: m_Layer
      value: 9
      objectReference: {fileID: 0}
    - target: {fileID: -120919589751094554, guid: 37b95f948a2803d41b0689d5133a8366,
        type: 3}
      propertyPath: m_IsActive
      value: 1
      objectReference: {fileID: 0}
    - target: {fileID: -16889654912701520, guid: 37b95f948a2803d41b0689d5133a8366,
        type: 3}
      propertyPath: m_Layer
      value: 9
      objectReference: {fileID: 0}
    - target: {fileID: 9024926928918496532, guid: 37b95f948a2803d41b0689d5133a8366,
        type: 3}
      propertyPath: m_Layer
      value: 9
      objectReference: {fileID: 0}
    - target: {fileID: 7639256126411907218, guid: 37b95f948a2803d41b0689d5133a8366,
        type: 3}
      propertyPath: m_Layer
      value: 9
      objectReference: {fileID: 0}
    - target: {fileID: 7689456791934950336, guid: 37b95f948a2803d41b0689d5133a8366,
        type: 3}
      propertyPath: m_Layer
      value: 9
      objectReference: {fileID: 0}
    - target: {fileID: 600405768678506591, guid: 37b95f948a2803d41b0689d5133a8366,
        type: 3}
      propertyPath: m_Layer
      value: 9
      objectReference: {fileID: 0}
    - target: {fileID: 606311532311888608, guid: 37b95f948a2803d41b0689d5133a8366,
        type: 3}
      propertyPath: m_Layer
      value: 9
      objectReference: {fileID: 0}
    - target: {fileID: -8170316698910489472, guid: 37b95f948a2803d41b0689d5133a8366,
        type: 3}
      propertyPath: m_Layer
      value: 9
      objectReference: {fileID: 0}
    - target: {fileID: -6073227104472446986, guid: 37b95f948a2803d41b0689d5133a8366,
        type: 3}
      propertyPath: m_Layer
      value: 9
      objectReference: {fileID: 0}
    - target: {fileID: 4736155096839788749, guid: 37b95f948a2803d41b0689d5133a8366,
        type: 3}
      propertyPath: m_Layer
      value: 9
      objectReference: {fileID: 0}
    - target: {fileID: 9070064326340657688, guid: 37b95f948a2803d41b0689d5133a8366,
        type: 3}
      propertyPath: m_Layer
      value: 9
      objectReference: {fileID: 0}
    - target: {fileID: -147304184420347502, guid: 37b95f948a2803d41b0689d5133a8366,
        type: 3}
      propertyPath: m_Layer
      value: 9
      objectReference: {fileID: 0}
    m_RemovedComponents: []
  m_SourcePrefab: {fileID: 100100000, guid: 37b95f948a2803d41b0689d5133a8366, type: 3}
--- !u!1 &7213103953560806014 stripped
GameObject:
  m_CorrespondingSourceObject: {fileID: -120919589751094554, guid: 37b95f948a2803d41b0689d5133a8366,
    type: 3}
  m_PrefabInstance: {fileID: 1893903909046788248}
  m_PrefabAsset: {fileID: 0}
--- !u!1 &5197931858854125594 stripped
GameObject:
  m_CorrespondingSourceObject: {fileID: 5938766790990135426, guid: 37b95f948a2803d41b0689d5133a8366,
    type: 3}
  m_PrefabInstance: {fileID: 1893903909046788248}
  m_PrefabAsset: {fileID: 0}
--- !u!1 &1846098537771955842 stripped
GameObject:
  m_CorrespondingSourceObject: {fileID: -8946726918821587430, guid: 37b95f948a2803d41b0689d5133a8366,
    type: 3}
  m_PrefabInstance: {fileID: 1893903909046788248}
  m_PrefabAsset: {fileID: 0}
--- !u!1 &7464479855230280320 stripped
GameObject:
  m_CorrespondingSourceObject: {fileID: 9070064326340657688, guid: 37b95f948a2803d41b0689d5133a8366,
    type: 3}
  m_PrefabInstance: {fileID: 1893903909046788248}
  m_PrefabAsset: {fileID: 0}
--- !u!1 &1501189416306779160 stripped
GameObject:
  m_CorrespondingSourceObject: {fileID: -8170316698910489472, guid: 37b95f948a2803d41b0689d5133a8366,
    type: 3}
  m_PrefabInstance: {fileID: 1893903909046788248}
  m_PrefabAsset: {fileID: 0}
--- !u!1 &1306732952798454392 stripped
GameObject:
  m_CorrespondingSourceObject: {fileID: 606311532311888608, guid: 37b95f948a2803d41b0689d5133a8366,
    type: 3}
  m_PrefabInstance: {fileID: 1893903909046788248}
  m_PrefabAsset: {fileID: 0}
--- !u!1 &2820743185692558090 stripped
GameObject:
  m_CorrespondingSourceObject: {fileID: 4426252736693674898, guid: 37b95f948a2803d41b0689d5133a8366,
    type: 3}
  m_PrefabInstance: {fileID: 1893903909046788248}
  m_PrefabAsset: {fileID: 0}
--- !u!1 &79987402163314071 stripped
GameObject:
  m_CorrespondingSourceObject: {fileID: -7254081236928922353, guid: 37b95f948a2803d41b0689d5133a8366,
    type: 3}
  m_PrefabInstance: {fileID: 1893903909046788248}
  m_PrefabAsset: {fileID: 0}
--- !u!1 &1305320755715154119 stripped
GameObject:
  m_CorrespondingSourceObject: {fileID: 600405768678506591, guid: 37b95f948a2803d41b0689d5133a8366,
    type: 3}
  m_PrefabInstance: {fileID: 1893903909046788248}
  m_PrefabAsset: {fileID: 0}
--- !u!1 &3602861775186323310 stripped
GameObject:
  m_CorrespondingSourceObject: {fileID: -6073227104472446986, guid: 37b95f948a2803d41b0689d5133a8366,
    type: 3}
  m_PrefabInstance: {fileID: 1893903909046788248}
  m_PrefabAsset: {fileID: 0}
--- !u!1 &2249497366092453444 stripped
GameObject:
  m_CorrespondingSourceObject: {fileID: 396227146481874652, guid: 37b95f948a2803d41b0689d5133a8366,
    type: 3}
  m_PrefabInstance: {fileID: 1893903909046788248}
  m_PrefabAsset: {fileID: 0}
--- !u!1 &2880340310303207957 stripped
GameObject:
  m_CorrespondingSourceObject: {fileID: -4777903785560681843, guid: 37b95f948a2803d41b0689d5133a8366,
    type: 3}
  m_PrefabInstance: {fileID: 1893903909046788248}
  m_PrefabAsset: {fileID: 0}
--- !u!4 &6859768781270190978 stripped
Transform:
  m_CorrespondingSourceObject: {fileID: -4216859302048453862, guid: 37b95f948a2803d41b0689d5133a8366,
    type: 3}
  m_PrefabInstance: {fileID: 1893903909046788248}
  m_PrefabAsset: {fileID: 0}
--- !u!1 &3906353688454914594 stripped
GameObject:
  m_CorrespondingSourceObject: {fileID: -6017274841071009094, guid: 37b95f948a2803d41b0689d5133a8366,
    type: 3}
  m_PrefabInstance: {fileID: 1893903909046788248}
  m_PrefabAsset: {fileID: 0}
--- !u!1 &5122937268627920185 stripped
GameObject:
  m_CorrespondingSourceObject: {fileID: 6723922482830013857, guid: 37b95f948a2803d41b0689d5133a8366,
    type: 3}
  m_PrefabInstance: {fileID: 1893903909046788248}
  m_PrefabAsset: {fileID: 0}
--- !u!1 &7455292106949420428 stripped
GameObject:
  m_CorrespondingSourceObject: {fileID: 9024926928918496532, guid: 37b95f948a2803d41b0689d5133a8366,
    type: 3}
  m_PrefabInstance: {fileID: 1893903909046788248}
  m_PrefabAsset: {fileID: 0}
--- !u!1 &6625442000860592213 stripped
GameObject:
  m_CorrespondingSourceObject: {fileID: 4736155096839788749, guid: 37b95f948a2803d41b0689d5133a8366,
    type: 3}
  m_PrefabInstance: {fileID: 1893903909046788248}
  m_PrefabAsset: {fileID: 0}
--- !u!1 &7475082637129249034 stripped
GameObject:
  m_CorrespondingSourceObject: {fileID: -147304184420347502, guid: 37b95f948a2803d41b0689d5133a8366,
    type: 3}
  m_PrefabInstance: {fileID: 1893903909046788248}
  m_PrefabAsset: {fileID: 0}
--- !u!1 &2819023667603901575 stripped
GameObject:
  m_CorrespondingSourceObject: {fileID: -4803281944709813217, guid: 37b95f948a2803d41b0689d5133a8366,
    type: 3}
  m_PrefabInstance: {fileID: 1893903909046788248}
  m_PrefabAsset: {fileID: 0}
--- !u!1 &4421622122215129831 stripped
GameObject:
  m_CorrespondingSourceObject: {fileID: 2816085083659788927, guid: 37b95f948a2803d41b0689d5133a8366,
    type: 3}
  m_PrefabInstance: {fileID: 1893903909046788248}
  m_PrefabAsset: {fileID: 0}
--- !u!1 &5995127571635164441 stripped
GameObject:
  m_CorrespondingSourceObject: {fileID: -3928678941304031871, guid: 37b95f948a2803d41b0689d5133a8366,
    type: 3}
  m_PrefabInstance: {fileID: 1893903909046788248}
  m_PrefabAsset: {fileID: 0}
--- !u!1 &5061923555664123482 stripped
GameObject:
  m_CorrespondingSourceObject: {fileID: -2560314849020086590, guid: 37b95f948a2803d41b0689d5133a8366,
    type: 3}
  m_PrefabInstance: {fileID: 1893903909046788248}
  m_PrefabAsset: {fileID: 0}
--- !u!1 &8141962373910657880 stripped
GameObject:
  m_CorrespondingSourceObject: {fileID: 7689456791934950336, guid: 37b95f948a2803d41b0689d5133a8366,
    type: 3}
  m_PrefabInstance: {fileID: 1893903909046788248}
  m_PrefabAsset: {fileID: 0}
--- !u!1 &8091958538130620426 stripped
GameObject:
  m_CorrespondingSourceObject: {fileID: 7639256126411907218, guid: 37b95f948a2803d41b0689d5133a8366,
    type: 3}
  m_PrefabInstance: {fileID: 1893903909046788248}
  m_PrefabAsset: {fileID: 0}
--- !u!1 &8813097741305153964 stripped
GameObject:
  m_CorrespondingSourceObject: {fileID: 6919242211045386548, guid: 37b95f948a2803d41b0689d5133a8366,
    type: 3}
  m_PrefabInstance: {fileID: 1893903909046788248}
  m_PrefabAsset: {fileID: 0}
--- !u!1 &3888223024714432010 stripped
GameObject:
  m_CorrespondingSourceObject: {fileID: -5783253386242810222, guid: 37b95f948a2803d41b0689d5133a8366,
    type: 3}
  m_PrefabInstance: {fileID: 1893903909046788248}
  m_PrefabAsset: {fileID: 0}
--- !u!1 &8385446078328863014 stripped
GameObject:
  m_CorrespondingSourceObject: {fileID: 7932925084921944510, guid: 37b95f948a2803d41b0689d5133a8366,
    type: 3}
  m_PrefabInstance: {fileID: 1893903909046788248}
  m_PrefabAsset: {fileID: 0}
--- !u!1 &4488354433676542438 stripped
GameObject:
  m_CorrespondingSourceObject: {fileID: 2594540684587442558, guid: 37b95f948a2803d41b0689d5133a8366,
    type: 3}
  m_PrefabInstance: {fileID: 1893903909046788248}
  m_PrefabAsset: {fileID: 0}
--- !u!1 &7317084272936454952 stripped
GameObject:
  m_CorrespondingSourceObject: {fileID: -16889654912701520, guid: 37b95f948a2803d41b0689d5133a8366,
    type: 3}
  m_PrefabInstance: {fileID: 1893903909046788248}
  m_PrefabAsset: {fileID: 0}
