%YAML 1.1
%TAG !u! tag:unity3d.com,2011:
--- !u!64 &5181011858194260066
MeshCollider:
  m_ObjectHideFlags: 0
  m_CorrespondingSourceObject: {fileID: 0}
  m_PrefabInstance: {fileID: 0}
  m_PrefabAsset: {fileID: 0}
  m_GameObject: {fileID: 3653745641544749147}
  m_Material: {fileID: 0}
  m_IsTrigger: 0
  m_Enabled: 1
  serializedVersion: 3
  m_Convex: 0
  m_CookingOptions: 14
  m_Mesh: {fileID: -2483732124251227798, guid: e38226ea92a35c5428c0688389aa1758, type: 3}
--- !u!114 &8463329909924117210
MonoBehaviour:
  m_ObjectHideFlags: 0
  m_CorrespondingSourceObject: {fileID: 0}
  m_PrefabInstance: {fileID: 0}
  m_PrefabAsset: {fileID: 0}
  m_GameObject: {fileID: 3653745641544749147}
  m_Enabled: 1
  m_EditorHideFlags: 0
  m_Script: {fileID: 11500000, guid: 816c52b73d7a1de4d8f07430f0420752, type: 3}
  m_Name: 
  m_EditorClassIdentifier: 
  partMeshType: main
  setMaterialIndex: -1
  setMaterialIndex2: -1
--- !u!64 &6694089890511798892
MeshCollider:
  m_ObjectHideFlags: 0
  m_CorrespondingSourceObject: {fileID: 0}
  m_PrefabInstance: {fileID: 0}
  m_PrefabAsset: {fileID: 0}
  m_GameObject: {fileID: 5221799930939080795}
  m_Material: {fileID: 0}
  m_IsTrigger: 0
  m_Enabled: 1
  serializedVersion: 3
  m_Convex: 0
  m_CookingOptions: 14
  m_Mesh: {fileID: -2817390996482078850, guid: e38226ea92a35c5428c0688389aa1758, type: 3}
--- !u!114 &4097452199122780069
MonoBehaviour:
  m_ObjectHideFlags: 0
  m_CorrespondingSourceObject: {fileID: 0}
  m_PrefabInstance: {fileID: 0}
  m_PrefabAsset: {fileID: 0}
  m_GameObject: {fileID: 5221799930939080795}
  m_Enabled: 1
  m_EditorHideFlags: 0
  m_Script: {fileID: 11500000, guid: 816c52b73d7a1de4d8f07430f0420752, type: 3}
  m_Name: 
  m_EditorClassIdentifier: 
  partMeshType: main
  setMaterialIndex: -1
  setMaterialIndex2: -1
--- !u!64 &6501582234046956945
MeshCollider:
  m_ObjectHideFlags: 0
  m_CorrespondingSourceObject: {fileID: 0}
  m_PrefabInstance: {fileID: 0}
  m_PrefabAsset: {fileID: 0}
  m_GameObject: {fileID: 1859691686414230887}
  m_Material: {fileID: 0}
  m_IsTrigger: 0
  m_Enabled: 1
  serializedVersion: 3
  m_Convex: 0
  m_CookingOptions: 14
  m_Mesh: {fileID: -1821725007685202382, guid: e38226ea92a35c5428c0688389aa1758, type: 3}
--- !u!114 &3632303323325640543
MonoBehaviour:
  m_ObjectHideFlags: 0
  m_CorrespondingSourceObject: {fileID: 0}
  m_PrefabInstance: {fileID: 0}
  m_PrefabAsset: {fileID: 0}
  m_GameObject: {fileID: 1859691686414230887}
  m_Enabled: 1
  m_EditorHideFlags: 0
  m_Script: {fileID: 11500000, guid: 816c52b73d7a1de4d8f07430f0420752, type: 3}
  m_Name: 
  m_EditorClassIdentifier: 
  partMeshType: main
  setMaterialIndex: -1
  setMaterialIndex2: -1
--- !u!114 &445573217887027990
MonoBehaviour:
  m_ObjectHideFlags: 0
  m_CorrespondingSourceObject: {fileID: 0}
  m_PrefabInstance: {fileID: 0}
  m_PrefabAsset: {fileID: 0}
  m_GameObject: {fileID: 6491390348169872074}
  m_Enabled: 1
  m_EditorHideFlags: 0
  m_Script: {fileID: 11500000, guid: 298df71d7d1c94f47a9df2b26686031c, type: 3}
  m_Name: 
  m_EditorClassIdentifier: 
  type: 0
  connection: l
  allowedCategories:
  - armr
  disallowedCategories: []
  partPointGUI: {fileID: 0}
  activateOnDisconnect: []
  connectedTo: {fileID: 0}
  part: {fileID: 0}
--- !u!64 &5700908034276706699
MeshCollider:
  m_ObjectHideFlags: 0
  m_CorrespondingSourceObject: {fileID: 0}
  m_PrefabInstance: {fileID: 0}
  m_PrefabAsset: {fileID: 0}
  m_GameObject: {fileID: 6731729087701712348}
  m_Material: {fileID: 0}
  m_IsTrigger: 0
  m_Enabled: 1
  serializedVersion: 3
  m_Convex: 0
  m_CookingOptions: 14
  m_Mesh: {fileID: 5080489446281209763, guid: e38226ea92a35c5428c0688389aa1758, type: 3}
--- !u!114 &8396478981377323986
MonoBehaviour:
  m_ObjectHideFlags: 0
  m_CorrespondingSourceObject: {fileID: 0}
  m_PrefabInstance: {fileID: 0}
  m_PrefabAsset: {fileID: 0}
  m_GameObject: {fileID: 6731729087701712348}
  m_Enabled: 1
  m_EditorHideFlags: 0
  m_Script: {fileID: 11500000, guid: 816c52b73d7a1de4d8f07430f0420752, type: 3}
  m_Name: 
  m_EditorClassIdentifier: 
  partMeshType: main2
  setMaterialIndex: 1
  setMaterialIndex2: -1
--- !u!1 &3822027799705804973
GameObject:
  m_ObjectHideFlags: 0
  m_CorrespondingSourceObject: {fileID: 0}
  m_PrefabInstance: {fileID: 0}
  m_PrefabAsset: {fileID: 0}
  serializedVersion: 6
  m_Component:
  - component: {fileID: 3950584094866800799}
  - component: {fileID: 8981123232012957775}
  m_Layer: 9
  m_Name: ARX_Relaxacny_Pristelok 1
  m_TagString: Untagged
  m_Icon: {fileID: 0}
  m_NavMeshLayer: 0
  m_StaticEditorFlags: 0
  m_IsActive: 1
--- !u!4 &3950584094866800799
Transform:
  m_ObjectHideFlags: 0
  m_CorrespondingSourceObject: {fileID: 0}
  m_PrefabInstance: {fileID: 0}
  m_PrefabAsset: {fileID: 0}
  m_GameObject: {fileID: 3822027799705804973}
  m_LocalRotation: {x: 0, y: 1, z: 0, w: -0.00000004371139}
  m_LocalPosition: {x: 0, y: 0, z: 0}
  m_LocalScale: {x: 1, y: 1, z: 1}
  m_Children:
  - {fileID: 6294709686634708591}
  m_Father: {fileID: 0}
  m_RootOrder: 0
  m_LocalEulerAnglesHint: {x: 0, y: 0, z: 0}
--- !u!114 &8981123232012957775
MonoBehaviour:
  m_ObjectHideFlags: 0
  m_CorrespondingSourceObject: {fileID: 0}
  m_PrefabInstance: {fileID: 0}
  m_PrefabAsset: {fileID: 0}
  m_GameObject: {fileID: 3822027799705804973}
  m_Enabled: 1
  m_EditorHideFlags: 0
  m_Script: {fileID: 11500000, guid: de305606890b87e42a58c187eba6fe10, type: 3}
  m_Name: 
  m_EditorClassIdentifier: 
  partName: ARXL
  partNameCombinations: []
  partDescription: 
  partCategory: ottoman
  includeInDimensions: 1
  dimensions: {x: 0.73988825, y: 1.0739737, z: 1.7409065}
  image: {fileID: 21300000, guid: b977aaa7ebec1014cb4e1c6e3a825e7f, type: 3}
  type: 0
  partPoints:
  - {fileID: 502482414270572061}
  canBeStandalone: 1
  sewingNames: []
  OnPartPointConnect:
    m_PersistentCalls:
      m_Calls: []
--- !u!64 &8197550232088086134
MeshCollider:
  m_ObjectHideFlags: 0
  m_CorrespondingSourceObject: {fileID: 0}
  m_PrefabInstance: {fileID: 0}
  m_PrefabAsset: {fileID: 0}
  m_GameObject: {fileID: 3237313808621811608}
  m_Material: {fileID: 0}
  m_IsTrigger: 0
  m_Enabled: 1
  serializedVersion: 3
  m_Convex: 0
  m_CookingOptions: 14
  m_Mesh: {fileID: 7997197174018456318, guid: e38226ea92a35c5428c0688389aa1758, type: 3}
--- !u!114 &4812859777231547719
MonoBehaviour:
  m_ObjectHideFlags: 0
  m_CorrespondingSourceObject: {fileID: 0}
  m_PrefabInstance: {fileID: 0}
  m_PrefabAsset: {fileID: 0}
  m_GameObject: {fileID: 3237313808621811608}
  m_Enabled: 1
  m_EditorHideFlags: 0
  m_Script: {fileID: 11500000, guid: 816c52b73d7a1de4d8f07430f0420752, type: 3}
  m_Name: 
  m_EditorClassIdentifier: 
  partMeshType: main
  setMaterialIndex: -1
  setMaterialIndex2: -1
--- !u!114 &8524036727849385001
MonoBehaviour:
  m_ObjectHideFlags: 0
  m_CorrespondingSourceObject: {fileID: 0}
  m_PrefabInstance: {fileID: 0}
  m_PrefabAsset: {fileID: 0}
  m_GameObject: {fileID: 3237313808621811608}
  m_Enabled: 1
  m_EditorHideFlags: 0
  m_Script: {fileID: 11500000, guid: 1030b2116dfab9343be14c0d0839ab5e, type: 3}
  m_Name: 
  m_EditorClassIdentifier: 
  ActivateObject: {fileID: 8682572344633765595}
  deactivateOnStart: 0
  DeactivateObjectInsteadOfThis: {fileID: 0}
--- !u!64 &8777302651063665514
MeshCollider:
  m_ObjectHideFlags: 0
  m_CorrespondingSourceObject: {fileID: 0}
  m_PrefabInstance: {fileID: 0}
  m_PrefabAsset: {fileID: 0}
  m_GameObject: {fileID: 8777324342279836269}
  m_Material: {fileID: 0}
  m_IsTrigger: 0
  m_Enabled: 1
  serializedVersion: 3
  m_Convex: 0
  m_CookingOptions: 14
  m_Mesh: {fileID: 2461563216716793104, guid: e38226ea92a35c5428c0688389aa1758, type: 3}
--- !u!114 &6022492155840160247
MonoBehaviour:
  m_ObjectHideFlags: 0
  m_CorrespondingSourceObject: {fileID: 0}
  m_PrefabInstance: {fileID: 0}
  m_PrefabAsset: {fileID: 0}
  m_GameObject: {fileID: 8777324342279836269}
  m_Enabled: 1
  m_EditorHideFlags: 0
  m_Script: {fileID: 11500000, guid: 816c52b73d7a1de4d8f07430f0420752, type: 3}
  m_Name: 
  m_EditorClassIdentifier: 
  partMeshType: main
  setMaterialIndex: -1
  setMaterialIndex2: -1
--- !u!64 &9118407806375624285
MeshCollider:
  m_ObjectHideFlags: 0
  m_CorrespondingSourceObject: {fileID: 0}
  m_PrefabInstance: {fileID: 0}
  m_PrefabAsset: {fileID: 0}
  m_GameObject: {fileID: 8682572344633765595}
  m_Material: {fileID: 0}
  m_IsTrigger: 0
  m_Enabled: 1
  serializedVersion: 3
  m_Convex: 0
  m_CookingOptions: 14
  m_Mesh: {fileID: 7367637973959397262, guid: e38226ea92a35c5428c0688389aa1758, type: 3}
--- !u!114 &5258590826087130851
MonoBehaviour:
  m_ObjectHideFlags: 0
  m_CorrespondingSourceObject: {fileID: 0}
  m_PrefabInstance: {fileID: 0}
  m_PrefabAsset: {fileID: 0}
  m_GameObject: {fileID: 8682572344633765595}
  m_Enabled: 1
  m_EditorHideFlags: 0
  m_Script: {fileID: 11500000, guid: 1030b2116dfab9343be14c0d0839ab5e, type: 3}
  m_Name: 
  m_EditorClassIdentifier: 
  ActivateObject: {fileID: 3237313808621811608}
  deactivateOnStart: 0
  DeactivateObjectInsteadOfThis: {fileID: 0}
--- !u!114 &5634679094520644927
MonoBehaviour:
  m_ObjectHideFlags: 0
  m_CorrespondingSourceObject: {fileID: 0}
  m_PrefabInstance: {fileID: 0}
  m_PrefabAsset: {fileID: 0}
  m_GameObject: {fileID: 8682572344633765595}
  m_Enabled: 1
  m_EditorHideFlags: 0
  m_Script: {fileID: 11500000, guid: 816c52b73d7a1de4d8f07430f0420752, type: 3}
  m_Name: 
  m_EditorClassIdentifier: 
  partMeshType: main
  setMaterialIndex: -1
  setMaterialIndex2: -1
--- !u!64 &5783973006050026981
MeshCollider:
  m_ObjectHideFlags: 0
  m_CorrespondingSourceObject: {fileID: 0}
  m_PrefabInstance: {fileID: 0}
  m_PrefabAsset: {fileID: 0}
  m_GameObject: {fileID: 3155429627916379585}
  m_Material: {fileID: 0}
  m_IsTrigger: 0
  m_Enabled: 1
  serializedVersion: 3
  m_Convex: 0
  m_CookingOptions: 14
  m_Mesh: {fileID: 4157787452243931023, guid: e38226ea92a35c5428c0688389aa1758, type: 3}
--- !u!114 &7886220999329740411
MonoBehaviour:
  m_ObjectHideFlags: 0
  m_CorrespondingSourceObject: {fileID: 0}
  m_PrefabInstance: {fileID: 0}
  m_PrefabAsset: {fileID: 0}
  m_GameObject: {fileID: 3155429627916379585}
  m_Enabled: 1
  m_EditorHideFlags: 0
  m_Script: {fileID: 11500000, guid: 816c52b73d7a1de4d8f07430f0420752, type: 3}
  m_Name: 
  m_EditorClassIdentifier: 
  partMeshType: main2
  setMaterialIndex: -1
  setMaterialIndex2: -1
--- !u!64 &5114538570894841976
MeshCollider:
  m_ObjectHideFlags: 0
  m_CorrespondingSourceObject: {fileID: 0}
  m_PrefabInstance: {fileID: 0}
  m_PrefabAsset: {fileID: 0}
  m_GameObject: {fileID: 2077679863824877557}
  m_Material: {fileID: 0}
  m_IsTrigger: 0
  m_Enabled: 1
  serializedVersion: 3
  m_Convex: 0
  m_CookingOptions: 14
  m_Mesh: {fileID: 148277043495811274, guid: e38226ea92a35c5428c0688389aa1758, type: 3}
--- !u!114 &2632260464894859370
MonoBehaviour:
  m_ObjectHideFlags: 0
  m_CorrespondingSourceObject: {fileID: 0}
  m_PrefabInstance: {fileID: 0}
  m_PrefabAsset: {fileID: 0}
  m_GameObject: {fileID: 2077679863824877557}
  m_Enabled: 1
  m_EditorHideFlags: 0
  m_Script: {fileID: 11500000, guid: 816c52b73d7a1de4d8f07430f0420752, type: 3}
  m_Name: 
  m_EditorClassIdentifier: 
  partMeshType: main
  setMaterialIndex: -1
  setMaterialIndex2: -1
--- !u!114 &6876576116866085232
MonoBehaviour:
  m_ObjectHideFlags: 0
  m_CorrespondingSourceObject: {fileID: 0}
  m_PrefabInstance: {fileID: 0}
  m_PrefabAsset: {fileID: 0}
  m_GameObject: {fileID: 9220202037893863025}
  m_Enabled: 1
  m_EditorHideFlags: 0
  m_Script: {fileID: 11500000, guid: 816c52b73d7a1de4d8f07430f0420752, type: 3}
  m_Name: 
  m_EditorClassIdentifier: 
  partMeshType: main
  setMaterialIndex: -1
  setMaterialIndex2: -1
--- !u!114 &502482414270572061
MonoBehaviour:
  m_ObjectHideFlags: 0
  m_CorrespondingSourceObject: {fileID: 0}
  m_PrefabInstance: {fileID: 0}
  m_PrefabAsset: {fileID: 0}
  m_GameObject: {fileID: 5713107445678734787}
  m_Enabled: 1
  m_EditorHideFlags: 0
  m_Script: {fileID: 11500000, guid: 298df71d7d1c94f47a9df2b26686031c, type: 3}
  m_Name: 
  m_EditorClassIdentifier: 
  type: 0
  connection: r
  allowedCategories: []
  disallowedCategories: []
  partPointGUI: {fileID: 0}
  activateOnDisconnect: []
  connectedTo: {fileID: 0}
  part: {fileID: 0}
--- !u!1001 &1306600062109603189
PrefabInstance:
  m_ObjectHideFlags: 0
  serializedVersion: 2
  m_Modification:
    m_TransformParent: {fileID: 3950584094866800799}
    m_Modifications:
    - target: {fileID: -927199367670048503, guid: e38226ea92a35c5428c0688389aa1758,
        type: 3}
      propertyPath: m_Name
      value: ARX_Relaxacny_Pristelok
      objectReference: {fileID: 0}
    - target: {fileID: -927199367670048503, guid: e38226ea92a35c5428c0688389aa1758,
        type: 3}
      propertyPath: m_Layer
      value: 9
      objectReference: {fileID: 0}
    - target: {fileID: 7483018209581541837, guid: e38226ea92a35c5428c0688389aa1758,
        type: 3}
      propertyPath: m_Layer
      value: 9
      objectReference: {fileID: 0}
    - target: {fileID: -2492477245506312010, guid: e38226ea92a35c5428c0688389aa1758,
        type: 3}
      propertyPath: m_Layer
      value: 9
      objectReference: {fileID: 0}
    - target: {fileID: 5203897229913053119, guid: e38226ea92a35c5428c0688389aa1758,
        type: 3}
      propertyPath: m_Layer
      value: 9
      objectReference: {fileID: 0}
    - target: {fileID: -4216859302048453862, guid: e38226ea92a35c5428c0688389aa1758,
        type: 3}
      propertyPath: m_LocalPosition.x
      value: 0
      objectReference: {fileID: 0}
    - target: {fileID: -4216859302048453862, guid: e38226ea92a35c5428c0688389aa1758,
        type: 3}
      propertyPath: m_LocalPosition.y
      value: 0
      objectReference: {fileID: 0}
    - target: {fileID: -4216859302048453862, guid: e38226ea92a35c5428c0688389aa1758,
        type: 3}
      propertyPath: m_LocalPosition.z
      value: 0
      objectReference: {fileID: 0}
    - target: {fileID: -4216859302048453862, guid: e38226ea92a35c5428c0688389aa1758,
        type: 3}
      propertyPath: m_LocalRotation.x
      value: 0
      objectReference: {fileID: 0}
    - target: {fileID: -4216859302048453862, guid: e38226ea92a35c5428c0688389aa1758,
        type: 3}
      propertyPath: m_LocalRotation.y
      value: 0
      objectReference: {fileID: 0}
    - target: {fileID: -4216859302048453862, guid: e38226ea92a35c5428c0688389aa1758,
        type: 3}
      propertyPath: m_LocalRotation.z
      value: 0
      objectReference: {fileID: 0}
    - target: {fileID: -4216859302048453862, guid: e38226ea92a35c5428c0688389aa1758,
        type: 3}
      propertyPath: m_LocalRotation.w
      value: 1
      objectReference: {fileID: 0}
    - target: {fileID: -4216859302048453862, guid: e38226ea92a35c5428c0688389aa1758,
        type: 3}
      propertyPath: m_RootOrder
      value: 0
      objectReference: {fileID: 0}
    - target: {fileID: -4216859302048453862, guid: e38226ea92a35c5428c0688389aa1758,
        type: 3}
      propertyPath: m_LocalEulerAnglesHint.x
      value: 0
      objectReference: {fileID: 0}
    - target: {fileID: -4216859302048453862, guid: e38226ea92a35c5428c0688389aa1758,
        type: 3}
      propertyPath: m_LocalEulerAnglesHint.y
      value: 0
      objectReference: {fileID: 0}
    - target: {fileID: -4216859302048453862, guid: e38226ea92a35c5428c0688389aa1758,
        type: 3}
      propertyPath: m_LocalEulerAnglesHint.z
      value: 0
      objectReference: {fileID: 0}
    - target: {fileID: -4216859302048453862, guid: e38226ea92a35c5428c0688389aa1758,
        type: 3}
      propertyPath: m_LocalScale.x
      value: -1
      objectReference: {fileID: 0}
    - target: {fileID: 2347870295037297966, guid: e38226ea92a35c5428c0688389aa1758,
        type: 3}
      propertyPath: m_Layer
      value: 9
      objectReference: {fileID: 0}
    - target: {fileID: 5713412221822052521, guid: e38226ea92a35c5428c0688389aa1758,
        type: 3}
      propertyPath: m_Layer
      value: 9
      objectReference: {fileID: 0}
    - target: {fileID: -4698162519085849875, guid: e38226ea92a35c5428c0688389aa1758,
        type: 3}
      propertyPath: m_IsActive
      value: 0
      objectReference: {fileID: 0}
    - target: {fileID: -1558447373606356050, guid: e38226ea92a35c5428c0688389aa1758,
        type: 3}
      propertyPath: m_Layer
      value: 9
      objectReference: {fileID: 0}
    - target: {fileID: 4173622247220129972, guid: e38226ea92a35c5428c0688389aa1758,
        type: 3}
      propertyPath: m_Layer
      value: 9
      objectReference: {fileID: 0}
    - target: {fileID: -2713851383819053778, guid: e38226ea92a35c5428c0688389aa1758,
        type: 3}
      propertyPath: m_Layer
      value: 9
      objectReference: {fileID: 0}
    - target: {fileID: -8363454536144359406, guid: e38226ea92a35c5428c0688389aa1758,
        type: 3}
      propertyPath: m_Layer
      value: 9
      objectReference: {fileID: 0}
    - target: {fileID: 7777338502147032856, guid: e38226ea92a35c5428c0688389aa1758,
        type: 3}
      propertyPath: m_Layer
      value: 9
      objectReference: {fileID: 0}
    - target: {fileID: -8145710997386538368, guid: e38226ea92a35c5428c0688389aa1758,
        type: 3}
      propertyPath: m_Layer
      value: 9
      objectReference: {fileID: 0}
    m_RemovedComponents: []
  m_SourcePrefab: {fileID: 100100000, guid: e38226ea92a35c5428c0688389aa1758, type: 3}
--- !u!1 &6731729087701712348 stripped
GameObject:
  m_CorrespondingSourceObject: {fileID: 5713412221822052521, guid: e38226ea92a35c5428c0688389aa1758,
    type: 3}
  m_PrefabInstance: {fileID: 1306600062109603189}
  m_PrefabAsset: {fileID: 0}
--- !u!4 &6294709686634708591 stripped
Transform:
  m_CorrespondingSourceObject: {fileID: -4216859302048453862, guid: e38226ea92a35c5428c0688389aa1758,
    type: 3}
  m_PrefabInstance: {fileID: 1306600062109603189}
  m_PrefabAsset: {fileID: 0}
--- !u!1 &1859691686414230887 stripped
GameObject:
  m_CorrespondingSourceObject: {fileID: -8363454536144359406, guid: e38226ea92a35c5428c0688389aa1758,
    type: 3}
  m_PrefabInstance: {fileID: 1306600062109603189}
  m_PrefabAsset: {fileID: 0}
--- !u!1 &9220202037893863025 stripped
GameObject:
  m_CorrespondingSourceObject: {fileID: 7914308003043787524, guid: e38226ea92a35c5428c0688389aa1758,
    type: 3}
  m_PrefabInstance: {fileID: 1306600062109603189}
  m_PrefabAsset: {fileID: 0}
--- !u!1 &3237313808621811608 stripped
GameObject:
  m_CorrespondingSourceObject: {fileID: -4698162519085849875, guid: e38226ea92a35c5428c0688389aa1758,
    type: 3}
  m_PrefabInstance: {fileID: 1306600062109603189}
  m_PrefabAsset: {fileID: 0}
--- !u!1 &3155429627916379585 stripped
GameObject:
  m_CorrespondingSourceObject: {fileID: 4173622247220129972, guid: e38226ea92a35c5428c0688389aa1758,
    type: 3}
  m_PrefabInstance: {fileID: 1306600062109603189}
  m_PrefabAsset: {fileID: 0}
--- !u!1 &8777324342279836269 stripped
GameObject:
  m_CorrespondingSourceObject: {fileID: 7777338502147032856, guid: e38226ea92a35c5428c0688389aa1758,
    type: 3}
  m_PrefabInstance: {fileID: 1306600062109603189}
  m_PrefabAsset: {fileID: 0}
--- !u!1 &2077679863824877557 stripped
GameObject:
  m_CorrespondingSourceObject: {fileID: -8145710997386538368, guid: e38226ea92a35c5428c0688389aa1758,
    type: 3}
  m_PrefabInstance: {fileID: 1306600062109603189}
  m_PrefabAsset: {fileID: 0}
--- !u!1 &5713107445678734787 stripped
GameObject:
  m_CorrespondingSourceObject: {fileID: -2492477245506312010, guid: e38226ea92a35c5428c0688389aa1758,
    type: 3}
  m_PrefabInstance: {fileID: 1306600062109603189}
  m_PrefabAsset: {fileID: 0}
--- !u!1 &8682572344633765595 stripped
GameObject:
  m_CorrespondingSourceObject: {fileID: -1558447373606356050, guid: e38226ea92a35c5428c0688389aa1758,
    type: 3}
  m_PrefabInstance: {fileID: 1306600062109603189}
  m_PrefabAsset: {fileID: 0}
--- !u!1 &6491390348169872074 stripped
GameObject:
  m_CorrespondingSourceObject: {fileID: 5203897229913053119, guid: e38226ea92a35c5428c0688389aa1758,
    type: 3}
  m_PrefabInstance: {fileID: 1306600062109603189}
  m_PrefabAsset: {fileID: 0}
--- !u!1 &5221799930939080795 stripped
GameObject:
  m_CorrespondingSourceObject: {fileID: -2713851383819053778, guid: e38226ea92a35c5428c0688389aa1758,
    type: 3}
  m_PrefabInstance: {fileID: 1306600062109603189}
  m_PrefabAsset: {fileID: 0}
--- !u!1 &3653745641544749147 stripped
GameObject:
  m_CorrespondingSourceObject: {fileID: 2347870295037297966, guid: e38226ea92a35c5428c0688389aa1758,
    type: 3}
  m_PrefabInstance: {fileID: 1306600062109603189}
  m_PrefabAsset: {fileID: 0}
