%YAML 1.1
%TAG !u! tag:unity3d.com,2011:
--- !u!114 &558318717409355095
MonoBehaviour:
  m_ObjectHideFlags: 0
  m_CorrespondingSourceObject: {fileID: 0}
  m_PrefabInstance: {fileID: 0}
  m_PrefabAsset: {fileID: 0}
  m_GameObject: {fileID: 2459762546270330869}
  m_Enabled: 1
  m_EditorHideFlags: 0
  m_Script: {fileID: 11500000, guid: 298df71d7d1c94f47a9df2b26686031c, type: 3}
  m_Name: 
  m_EditorClassIdentifier: 
  type: 2
  connection: r
  allowedCategories: []
  disallowedCategories: []
  partPointGUI: {fileID: 0}
  activateOnDisconnect: []
  connectedTo: {fileID: 0}
  part: {fileID: 0}
--- !u!1 &3109857924472983054
GameObject:
  m_ObjectHideFlags: 0
  m_CorrespondingSourceObject: {fileID: 0}
  m_PrefabInstance: {fileID: 0}
  m_PrefabAsset: {fileID: 0}
  serializedVersion: 6
  m_Component:
  - component: {fileID: 4551183617473325862}
  - component: {fileID: 7181384424803274832}
  m_Layer: 9
  m_Name: AT
  m_TagString: Untagged
  m_Icon: {fileID: 0}
  m_NavMeshLayer: 0
  m_StaticEditorFlags: 0
  m_IsActive: 1
--- !u!4 &4551183617473325862
Transform:
  m_ObjectHideFlags: 0
  m_CorrespondingSourceObject: {fileID: 0}
  m_PrefabInstance: {fileID: 0}
  m_PrefabAsset: {fileID: 0}
  m_GameObject: {fileID: 3109857924472983054}
  m_LocalRotation: {x: 0, y: 1, z: 0, w: -0.00000004371139}
  m_LocalPosition: {x: 0, y: 0, z: 0}
  m_LocalScale: {x: 1, y: 1, z: 1}
  m_Children:
  - {fileID: 1475365212513512934}
  m_Father: {fileID: 0}
  m_RootOrder: 0
  m_LocalEulerAnglesHint: {x: 0, y: 0, z: 0}
--- !u!114 &7181384424803274832
MonoBehaviour:
  m_ObjectHideFlags: 0
  m_CorrespondingSourceObject: {fileID: 0}
  m_PrefabInstance: {fileID: 0}
  m_PrefabAsset: {fileID: 0}
  m_GameObject: {fileID: 3109857924472983054}
  m_Enabled: 1
  m_EditorHideFlags: 0
  m_Script: {fileID: 11500000, guid: de305606890b87e42a58c187eba6fe10, type: 3}
  m_Name: 
  m_EditorClassIdentifier: 
  partName: AT
  partNameCombinations: []
  partDescription: 
  partCategory: hocker
  includeInDimensions: 0
  dimensions: {x: 0.6500001, y: 0.42000017, z: 0.6500001}
  image: {fileID: 21300000, guid: ff493f972ead49348ab8833fdb438875, type: 3}
  type: 2
  partPoints:
  - {fileID: 558318717409355095}
  canBeStandalone: 0
  sewingNames: []
  OnPartPointConnect:
    m_PersistentCalls:
      m_Calls: []
--- !u!64 &6940209938331906725
MeshCollider:
  m_ObjectHideFlags: 0
  m_CorrespondingSourceObject: {fileID: 0}
  m_PrefabInstance: {fileID: 0}
  m_PrefabAsset: {fileID: 0}
  m_GameObject: {fileID: 4424563936919952147}
  m_Material: {fileID: 0}
  m_IsTrigger: 0
  m_Enabled: 1
  serializedVersion: 3
  m_Convex: 0
  m_CookingOptions: 14
  m_Mesh: {fileID: -2461044268311664645, guid: c7ace18ef19e24b47bb35429a09dbce9, type: 3}
--- !u!114 &5129875938128076764
MonoBehaviour:
  m_ObjectHideFlags: 0
  m_CorrespondingSourceObject: {fileID: 0}
  m_PrefabInstance: {fileID: 0}
  m_PrefabAsset: {fileID: 0}
  m_GameObject: {fileID: 4424563936919952147}
  m_Enabled: 1
  m_EditorHideFlags: 0
  m_Script: {fileID: 11500000, guid: 816c52b73d7a1de4d8f07430f0420752, type: 3}
  m_Name: 
  m_EditorClassIdentifier: 
  partMeshType: main
  setMaterialIndex: -1
  setMaterialIndex2: -1
--- !u!64 &6224766236216803981
MeshCollider:
  m_ObjectHideFlags: 0
  m_CorrespondingSourceObject: {fileID: 0}
  m_PrefabInstance: {fileID: 0}
  m_PrefabAsset: {fileID: 0}
  m_GameObject: {fileID: 6588277372283189944}
  m_Material: {fileID: 0}
  m_IsTrigger: 0
  m_Enabled: 1
  serializedVersion: 3
  m_Convex: 0
  m_CookingOptions: 14
  m_Mesh: {fileID: 6363378457896984384, guid: c7ace18ef19e24b47bb35429a09dbce9, type: 3}
--- !u!114 &3405225133699825812
MonoBehaviour:
  m_ObjectHideFlags: 0
  m_CorrespondingSourceObject: {fileID: 0}
  m_PrefabInstance: {fileID: 0}
  m_PrefabAsset: {fileID: 0}
  m_GameObject: {fileID: 6588277372283189944}
  m_Enabled: 1
  m_EditorHideFlags: 0
  m_Script: {fileID: 11500000, guid: 816c52b73d7a1de4d8f07430f0420752, type: 3}
  m_Name: 
  m_EditorClassIdentifier: 
  partMeshType: main2
  setMaterialIndex: -1
  setMaterialIndex2: -1
--- !u!1001 &5837571211496752892
PrefabInstance:
  m_ObjectHideFlags: 0
  serializedVersion: 2
  m_Modification:
    m_TransformParent: {fileID: 4551183617473325862}
    m_Modifications:
    - target: {fileID: -927199367670048503, guid: c7ace18ef19e24b47bb35429a09dbce9,
        type: 3}
      propertyPath: m_Name
      value: AT
      objectReference: {fileID: 0}
    - target: {fileID: -4216859302048453862, guid: c7ace18ef19e24b47bb35429a09dbce9,
        type: 3}
      propertyPath: m_LocalPosition.x
      value: -0
      objectReference: {fileID: 0}
    - target: {fileID: -4216859302048453862, guid: c7ace18ef19e24b47bb35429a09dbce9,
        type: 3}
      propertyPath: m_LocalPosition.y
      value: 0
      objectReference: {fileID: 0}
    - target: {fileID: -4216859302048453862, guid: c7ace18ef19e24b47bb35429a09dbce9,
        type: 3}
      propertyPath: m_LocalPosition.z
      value: 0
      objectReference: {fileID: 0}
    - target: {fileID: -4216859302048453862, guid: c7ace18ef19e24b47bb35429a09dbce9,
        type: 3}
      propertyPath: m_LocalRotation.x
      value: 0.000000021855694
      objectReference: {fileID: 0}
    - target: {fileID: -4216859302048453862, guid: c7ace18ef19e24b47bb35429a09dbce9,
        type: 3}
      propertyPath: m_LocalRotation.y
      value: 0
      objectReference: {fileID: 0}
    - target: {fileID: -4216859302048453862, guid: c7ace18ef19e24b47bb35429a09dbce9,
        type: 3}
      propertyPath: m_LocalRotation.z
      value: -0
      objectReference: {fileID: 0}
    - target: {fileID: -4216859302048453862, guid: c7ace18ef19e24b47bb35429a09dbce9,
        type: 3}
      propertyPath: m_LocalRotation.w
      value: 1
      objectReference: {fileID: 0}
    - target: {fileID: -4216859302048453862, guid: c7ace18ef19e24b47bb35429a09dbce9,
        type: 3}
      propertyPath: m_RootOrder
      value: 0
      objectReference: {fileID: 0}
    - target: {fileID: -4216859302048453862, guid: c7ace18ef19e24b47bb35429a09dbce9,
        type: 3}
      propertyPath: m_LocalEulerAnglesHint.x
      value: 0
      objectReference: {fileID: 0}
    - target: {fileID: -4216859302048453862, guid: c7ace18ef19e24b47bb35429a09dbce9,
        type: 3}
      propertyPath: m_LocalEulerAnglesHint.y
      value: 0
      objectReference: {fileID: 0}
    - target: {fileID: -4216859302048453862, guid: c7ace18ef19e24b47bb35429a09dbce9,
        type: 3}
      propertyPath: m_LocalEulerAnglesHint.z
      value: 0
      objectReference: {fileID: 0}
    m_RemovedComponents: []
  m_SourcePrefab: {fileID: 100100000, guid: c7ace18ef19e24b47bb35429a09dbce9, type: 3}
--- !u!1 &2459762546270330869 stripped
GameObject:
  m_CorrespondingSourceObject: {fileID: -927199367670048503, guid: c7ace18ef19e24b47bb35429a09dbce9,
    type: 3}
  m_PrefabInstance: {fileID: 5837571211496752892}
  m_PrefabAsset: {fileID: 0}
--- !u!4 &1475365212513512934 stripped
Transform:
  m_CorrespondingSourceObject: {fileID: -4216859302048453862, guid: c7ace18ef19e24b47bb35429a09dbce9,
    type: 3}
  m_PrefabInstance: {fileID: 5837571211496752892}
  m_PrefabAsset: {fileID: 0}
--- !u!1 &6588277372283189944 stripped
GameObject:
  m_CorrespondingSourceObject: {fileID: -8471979759195030460, guid: c7ace18ef19e24b47bb35429a09dbce9,
    type: 3}
  m_PrefabInstance: {fileID: 5837571211496752892}
  m_PrefabAsset: {fileID: 0}
--- !u!1 &4424563936919952147 stripped
GameObject:
  m_CorrespondingSourceObject: {fileID: -1412989660504678929, guid: c7ace18ef19e24b47bb35429a09dbce9,
    type: 3}
  m_PrefabInstance: {fileID: 5837571211496752892}
  m_PrefabAsset: {fileID: 0}
