%YAML 1.1
%TAG !u! tag:unity3d.com,2011:
--- !u!114 &2022355833547792946
MonoBehaviour:
  m_ObjectHideFlags: 0
  m_CorrespondingSourceObject: {fileID: 0}
  m_PrefabInstance: {fileID: 0}
  m_PrefabAsset: {fileID: 0}
  m_GameObject: {fileID: 2767956731778939739}
  m_Enabled: 1
  m_EditorHideFlags: 0
  m_Script: {fileID: 11500000, guid: 816c52b73d7a1de4d8f07430f0420752, type: 3}
  m_Name: 
  m_EditorClassIdentifier: 
  partMeshType: legs2
  setMaterialIndex: -1
  setMaterialIndex2: -1
  sewing: 0
--- !u!1 &3565512079727365796
GameObject:
  m_ObjectHideFlags: 0
  m_CorrespondingSourceObject: {fileID: 0}
  m_PrefabInstance: {fileID: 0}
  m_PrefabAsset: {fileID: 0}
  serializedVersion: 6
  m_Component:
  - component: {fileID: 8987179539113613230}
  - component: {fileID: 5901957657513141518}
  m_Layer: 9
  m_Name: ARM 3 L
  m_TagString: Untagged
  m_Icon: {fileID: 0}
  m_NavMeshLayer: 0
  m_StaticEditorFlags: 0
  m_IsActive: 1
--- !u!4 &8987179539113613230
Transform:
  m_ObjectHideFlags: 0
  m_CorrespondingSourceObject: {fileID: 0}
  m_PrefabInstance: {fileID: 0}
  m_PrefabAsset: {fileID: 0}
  m_GameObject: {fileID: 3565512079727365796}
  m_LocalRotation: {x: 0, y: 0, z: 0, w: 1}
  m_LocalPosition: {x: 0, y: 0, z: 0}
  m_LocalScale: {x: 1, y: 1, z: 1}
  m_Children:
  - {fileID: 3181591697905322012}
  m_Father: {fileID: 0}
  m_RootOrder: 0
  m_LocalEulerAnglesHint: {x: 0, y: 0, z: 0}
--- !u!114 &5901957657513141518
MonoBehaviour:
  m_ObjectHideFlags: 0
  m_CorrespondingSourceObject: {fileID: 0}
  m_PrefabInstance: {fileID: 0}
  m_PrefabAsset: {fileID: 0}
  m_GameObject: {fileID: 3565512079727365796}
  m_Enabled: 1
  m_EditorHideFlags: 0
  m_Script: {fileID: 11500000, guid: de305606890b87e42a58c187eba6fe10, type: 3}
  m_Name: 
  m_EditorClassIdentifier: 
  partName: "Podru\u010D 3"
  partNameCombinations: []
  partDescription: 
  partCategory: arml
  includeInDimensions: 1
  dimensions: {x: 0.19500001, y: 0.62250006, z: 0}
  image: {fileID: 21300000, guid: 614e981193b556740babb9e5efb35a84, type: 3}
  type: 0
  partPoints:
  - {fileID: 4981395202834268203}
  canBeStandalone: 0
  sewingNames: []
  OnPartPointConnect:
    m_PersistentCalls:
      m_Calls: []
  possibleOptionalFunctions:
  - {fileID: 11400000, guid: c53afd1aceb3a194ab6025f7e52a77cd, type: 2}
  - {fileID: 11400000, guid: 1cfbcf610acf14b47b0dfdc3bc2f4535, type: 2}
  - {fileID: 11400000, guid: e3de8fb2553047b4fae5a44110a91cfb, type: 2}
  selectedOptionalFunction: {fileID: 0}
--- !u!114 &3937297562638359906
MonoBehaviour:
  m_ObjectHideFlags: 0
  m_CorrespondingSourceObject: {fileID: 0}
  m_PrefabInstance: {fileID: 0}
  m_PrefabAsset: {fileID: 0}
  m_GameObject: {fileID: 4004717290694116891}
  m_Enabled: 1
  m_EditorHideFlags: 0
  m_Script: {fileID: 11500000, guid: 816c52b73d7a1de4d8f07430f0420752, type: 3}
  m_Name: 
  m_EditorClassIdentifier: 
  partMeshType: legs
  setMaterialIndex: -1
  setMaterialIndex2: -1
  sewing: 0
--- !u!64 &8030831539411921289
MeshCollider:
  m_ObjectHideFlags: 0
  m_CorrespondingSourceObject: {fileID: 0}
  m_PrefabInstance: {fileID: 0}
  m_PrefabAsset: {fileID: 0}
  m_GameObject: {fileID: 4160574681695343551}
  m_Material: {fileID: 0}
  m_IsTrigger: 0
  m_Enabled: 1
  serializedVersion: 3
  m_Convex: 0
  m_CookingOptions: 14
  m_Mesh: {fileID: -7457035415767171519, guid: 29aae381a89cb354c810968dbdc80e6f, type: 3}
--- !u!114 &933822151126108059
MonoBehaviour:
  m_ObjectHideFlags: 0
  m_CorrespondingSourceObject: {fileID: 0}
  m_PrefabInstance: {fileID: 0}
  m_PrefabAsset: {fileID: 0}
  m_GameObject: {fileID: 4160574681695343551}
  m_Enabled: 1
  m_EditorHideFlags: 0
  m_Script: {fileID: 11500000, guid: 816c52b73d7a1de4d8f07430f0420752, type: 3}
  m_Name: 
  m_EditorClassIdentifier: 
  partMeshType: main
  setMaterialIndex: -1
  setMaterialIndex2: -1
  sewing: 0
--- !u!114 &4981395202834268203
MonoBehaviour:
  m_ObjectHideFlags: 0
  m_CorrespondingSourceObject: {fileID: 0}
  m_PrefabInstance: {fileID: 0}
  m_PrefabAsset: {fileID: 0}
  m_GameObject: {fileID: 4880841054982362842}
  m_Enabled: 1
  m_EditorHideFlags: 0
  m_Script: {fileID: 11500000, guid: 298df71d7d1c94f47a9df2b26686031c, type: 3}
  m_Name: 
  m_EditorClassIdentifier: 
  type: 0
  connection: l
  allowedCategories: []
  disallowedCategories: []
  partPointGUI: {fileID: 0}
  activateOnDisconnect: []
  connectedTo: {fileID: 0}
  part: {fileID: 0}
--- !u!114 &4693693678687091703
MonoBehaviour:
  m_ObjectHideFlags: 0
  m_CorrespondingSourceObject: {fileID: 0}
  m_PrefabInstance: {fileID: 0}
  m_PrefabAsset: {fileID: 0}
  m_GameObject: {fileID: 5415038762137407117}
  m_Enabled: 1
  m_EditorHideFlags: 0
  m_Script: {fileID: 11500000, guid: 816c52b73d7a1de4d8f07430f0420752, type: 3}
  m_Name: 
  m_EditorClassIdentifier: 
  partMeshType: legs2
  setMaterialIndex: -1
  setMaterialIndex2: -1
  sewing: 0
--- !u!114 &3122700057868382936
MonoBehaviour:
  m_ObjectHideFlags: 0
  m_CorrespondingSourceObject: {fileID: 0}
  m_PrefabInstance: {fileID: 0}
  m_PrefabAsset: {fileID: 0}
  m_GameObject: {fileID: 6847955755542411838}
  m_Enabled: 1
  m_EditorHideFlags: 0
  m_Script: {fileID: 11500000, guid: 6babaae144bcc55458a5958fa7d6af9c, type: 3}
  m_Name: 
  m_EditorClassIdentifier: 
  optionalFunctions:
  - {fileID: 11400000, guid: c53afd1aceb3a194ab6025f7e52a77cd, type: 2}
  - {fileID: 11400000, guid: e3de8fb2553047b4fae5a44110a91cfb, type: 2}
--- !u!114 &2897454557029195263
MonoBehaviour:
  m_ObjectHideFlags: 0
  m_CorrespondingSourceObject: {fileID: 0}
  m_PrefabInstance: {fileID: 0}
  m_PrefabAsset: {fileID: 0}
  m_GameObject: {fileID: 9014461230392848856}
  m_Enabled: 1
  m_EditorHideFlags: 0
  m_Script: {fileID: 11500000, guid: 816c52b73d7a1de4d8f07430f0420752, type: 3}
  m_Name: 
  m_EditorClassIdentifier: 
  partMeshType: legs
  setMaterialIndex: -1
  setMaterialIndex2: -1
  sewing: 0
--- !u!1001 &7592501642476593926
PrefabInstance:
  m_ObjectHideFlags: 0
  serializedVersion: 2
  m_Modification:
    m_TransformParent: {fileID: 8987179539113613230}
    m_Modifications:
    - target: {fileID: -927199367670048503, guid: 29aae381a89cb354c810968dbdc80e6f,
        type: 3}
      propertyPath: m_Name
      value: ARM 3 L
      objectReference: {fileID: 0}
    - target: {fileID: -927199367670048503, guid: 29aae381a89cb354c810968dbdc80e6f,
        type: 3}
      propertyPath: m_Layer
      value: 9
      objectReference: {fileID: 0}
    - target: {fileID: 5827843345640878265, guid: 29aae381a89cb354c810968dbdc80e6f,
        type: 3}
      propertyPath: m_Layer
      value: 9
      objectReference: {fileID: 0}
    - target: {fileID: 9218940063139923184, guid: 29aae381a89cb354c810968dbdc80e6f,
        type: 3}
      propertyPath: m_IsActive
      value: 0
      objectReference: {fileID: 0}
    - target: {fileID: 3089969691880256988, guid: 29aae381a89cb354c810968dbdc80e6f,
        type: 3}
      propertyPath: m_Layer
      value: 9
      objectReference: {fileID: 0}
    - target: {fileID: -7763026264348454178, guid: 29aae381a89cb354c810968dbdc80e6f,
        type: 3}
      propertyPath: m_Layer
      value: 9
      objectReference: {fileID: 0}
    - target: {fileID: -2391867509711887075, guid: 29aae381a89cb354c810968dbdc80e6f,
        type: 3}
      propertyPath: m_Layer
      value: 9
      objectReference: {fileID: 0}
    - target: {fileID: 5707254793936214109, guid: 29aae381a89cb354c810968dbdc80e6f,
        type: 3}
      propertyPath: m_IsActive
      value: 0
      objectReference: {fileID: 0}
    - target: {fileID: -6738536144343339637, guid: 29aae381a89cb354c810968dbdc80e6f,
        type: 3}
      propertyPath: m_IsActive
      value: 0
      objectReference: {fileID: 0}
    - target: {fileID: -7514203379205391967, guid: 29aae381a89cb354c810968dbdc80e6f,
        type: 3}
      propertyPath: m_IsActive
      value: 0
      objectReference: {fileID: 0}
    - target: {fileID: -6257846984636739790, guid: 29aae381a89cb354c810968dbdc80e6f,
        type: 3}
      propertyPath: m_IsActive
      value: 0
      objectReference: {fileID: 0}
    - target: {fileID: -4216859302048453862, guid: 29aae381a89cb354c810968dbdc80e6f,
        type: 3}
      propertyPath: m_LocalPosition.x
      value: 0
      objectReference: {fileID: 0}
    - target: {fileID: -4216859302048453862, guid: 29aae381a89cb354c810968dbdc80e6f,
        type: 3}
      propertyPath: m_LocalPosition.y
      value: 0
      objectReference: {fileID: 0}
    - target: {fileID: -4216859302048453862, guid: 29aae381a89cb354c810968dbdc80e6f,
        type: 3}
      propertyPath: m_LocalPosition.z
      value: 0
      objectReference: {fileID: 0}
    - target: {fileID: -4216859302048453862, guid: 29aae381a89cb354c810968dbdc80e6f,
        type: 3}
      propertyPath: m_LocalRotation.x
      value: 0
      objectReference: {fileID: 0}
    - target: {fileID: -4216859302048453862, guid: 29aae381a89cb354c810968dbdc80e6f,
        type: 3}
      propertyPath: m_LocalRotation.y
      value: 0
      objectReference: {fileID: 0}
    - target: {fileID: -4216859302048453862, guid: 29aae381a89cb354c810968dbdc80e6f,
        type: 3}
      propertyPath: m_LocalRotation.z
      value: 0
      objectReference: {fileID: 0}
    - target: {fileID: -4216859302048453862, guid: 29aae381a89cb354c810968dbdc80e6f,
        type: 3}
      propertyPath: m_LocalRotation.w
      value: 1
      objectReference: {fileID: 0}
    - target: {fileID: -4216859302048453862, guid: 29aae381a89cb354c810968dbdc80e6f,
        type: 3}
      propertyPath: m_RootOrder
      value: 0
      objectReference: {fileID: 0}
    - target: {fileID: -4216859302048453862, guid: 29aae381a89cb354c810968dbdc80e6f,
        type: 3}
      propertyPath: m_LocalEulerAnglesHint.x
      value: 0
      objectReference: {fileID: 0}
    - target: {fileID: -4216859302048453862, guid: 29aae381a89cb354c810968dbdc80e6f,
        type: 3}
      propertyPath: m_LocalEulerAnglesHint.y
      value: 0
      objectReference: {fileID: 0}
    - target: {fileID: -4216859302048453862, guid: 29aae381a89cb354c810968dbdc80e6f,
        type: 3}
      propertyPath: m_LocalEulerAnglesHint.z
      value: 0
      objectReference: {fileID: 0}
    - target: {fileID: -5786678579769631414, guid: 29aae381a89cb354c810968dbdc80e6f,
        type: 3}
      propertyPath: m_Materials.Array.data[0]
      value: 
      objectReference: {fileID: 2100000, guid: ef0a40ef0c4155445bab600761bd9a08, type: 2}
    - target: {fileID: -5786678579769631414, guid: 29aae381a89cb354c810968dbdc80e6f,
        type: 3}
      propertyPath: m_Materials.Array.data[1]
      value: 
      objectReference: {fileID: 2100000, guid: ef0a40ef0c4155445bab600761bd9a08, type: 2}
    - target: {fileID: -668680932619926437, guid: 29aae381a89cb354c810968dbdc80e6f,
        type: 3}
      propertyPath: m_Materials.Array.data[0]
      value: 
      objectReference: {fileID: 2100000, guid: ef0a40ef0c4155445bab600761bd9a08, type: 2}
    - target: {fileID: -668680932619926437, guid: 29aae381a89cb354c810968dbdc80e6f,
        type: 3}
      propertyPath: m_Materials.Array.data[1]
      value: 
      objectReference: {fileID: 2100000, guid: ef0a40ef0c4155445bab600761bd9a08, type: 2}
    - target: {fileID: 9000784871502990952, guid: 29aae381a89cb354c810968dbdc80e6f,
        type: 3}
      propertyPath: m_Materials.Array.data[0]
      value: 
      objectReference: {fileID: -5687862919892516342, guid: d7193c81b3826be46ac2a5653a121785,
        type: 3}
    m_RemovedComponents: []
  m_SourcePrefab: {fileID: 100100000, guid: 29aae381a89cb354c810968dbdc80e6f, type: 3}
--- !u!4 &3181591697905322012 stripped
Transform:
  m_CorrespondingSourceObject: {fileID: -4216859302048453862, guid: 29aae381a89cb354c810968dbdc80e6f,
    type: 3}
  m_PrefabInstance: {fileID: 7592501642476593926}
  m_PrefabAsset: {fileID: 0}
--- !u!1 &6847955755542411838 stripped
GameObject:
  m_CorrespondingSourceObject: {fileID: 3915087669730826552, guid: 29aae381a89cb354c810968dbdc80e6f,
    type: 3}
  m_PrefabInstance: {fileID: 7592501642476593926}
  m_PrefabAsset: {fileID: 0}
--- !u!1 &4160574681695343551 stripped
GameObject:
  m_CorrespondingSourceObject: {fileID: 5827843345640878265, guid: 29aae381a89cb354c810968dbdc80e6f,
    type: 3}
  m_PrefabInstance: {fileID: 7592501642476593926}
  m_PrefabAsset: {fileID: 0}
--- !u!1 &4880841054982362842 stripped
GameObject:
  m_CorrespondingSourceObject: {fileID: 3089969691880256988, guid: 29aae381a89cb354c810968dbdc80e6f,
    type: 3}
  m_PrefabInstance: {fileID: 7592501642476593926}
  m_PrefabAsset: {fileID: 0}
--- !u!1 &9014461230392848856 stripped
GameObject:
  m_CorrespondingSourceObject: {fileID: -7763026264348454178, guid: 29aae381a89cb354c810968dbdc80e6f,
    type: 3}
  m_PrefabInstance: {fileID: 7592501642476593926}
  m_PrefabAsset: {fileID: 0}
--- !u!1 &4004717290694116891 stripped
GameObject:
  m_CorrespondingSourceObject: {fileID: -2391867509711887075, guid: 29aae381a89cb354c810968dbdc80e6f,
    type: 3}
  m_PrefabInstance: {fileID: 7592501642476593926}
  m_PrefabAsset: {fileID: 0}
--- !u!1 &2767956731778939739 stripped
GameObject:
  m_CorrespondingSourceObject: {fileID: 5707254793936214109, guid: 29aae381a89cb354c810968dbdc80e6f,
    type: 3}
  m_PrefabInstance: {fileID: 7592501642476593926}
  m_PrefabAsset: {fileID: 0}
--- !u!1 &5415038762137407117 stripped
GameObject:
  m_CorrespondingSourceObject: {fileID: -6738536144343339637, guid: 29aae381a89cb354c810968dbdc80e6f,
    type: 3}
  m_PrefabInstance: {fileID: 7592501642476593926}
  m_PrefabAsset: {fileID: 0}
