%YAML 1.1
%TAG !u! tag:unity3d.com,2011:
--- !u!1 &54614063877091417
GameObject:
  m_ObjectHideFlags: 0
  m_CorrespondingSourceObject: {fileID: 0}
  m_PrefabInstance: {fileID: 0}
  m_PrefabAsset: {fileID: 0}
  serializedVersion: 6
  m_Component:
  - component: {fileID: 2410403924803143244}
  - component: {fileID: 6301145022651967500}
  m_Layer: 9
  m_Name: ARM 4 L
  m_TagString: Untagged
  m_Icon: {fileID: 0}
  m_NavMeshLayer: 0
  m_StaticEditorFlags: 0
  m_IsActive: 1
--- !u!4 &2410403924803143244
Transform:
  m_ObjectHideFlags: 0
  m_CorrespondingSourceObject: {fileID: 0}
  m_PrefabInstance: {fileID: 0}
  m_PrefabAsset: {fileID: 0}
  m_GameObject: {fileID: 54614063877091417}
  m_LocalRotation: {x: 0, y: 0, z: 0, w: 1}
  m_LocalPosition: {x: 0, y: 0, z: 0}
  m_LocalScale: {x: 1, y: 1, z: 1}
  m_Children:
  - {fileID: 4965812748327582934}
  m_Father: {fileID: 0}
  m_RootOrder: 0
  m_LocalEulerAnglesHint: {x: 0, y: 0, z: 0}
--- !u!114 &6301145022651967500
MonoBehaviour:
  m_ObjectHideFlags: 0
  m_CorrespondingSourceObject: {fileID: 0}
  m_PrefabInstance: {fileID: 0}
  m_PrefabAsset: {fileID: 0}
  m_GameObject: {fileID: 54614063877091417}
  m_Enabled: 1
  m_EditorHideFlags: 0
  m_Script: {fileID: 11500000, guid: de305606890b87e42a58c187eba6fe10, type: 3}
  m_Name: 
  m_EditorClassIdentifier: 
  partName: "Podru\u010D 4"
  partNameCombinations: []
  partDescription: 
  partCategory: arml
  includeInDimensions: 1
  dimensions: {x: 0.21500018, y: 0.62250006, z: 0}
  image: {fileID: 21300000, guid: d890d7e934f6f114cb4b11ff8bc781d3, type: 3}
  type: 0
  partPoints:
  - {fileID: 154276659479732939}
  canBeStandalone: 0
  sewingNames: []
  OnPartPointConnect:
    m_PersistentCalls:
      m_Calls: []
  possibleOptionalFunctions:
  - {fileID: 11400000, guid: c53afd1aceb3a194ab6025f7e52a77cd, type: 2}
  - {fileID: 11400000, guid: 1cfbcf610acf14b47b0dfdc3bc2f4535, type: 2}
  - {fileID: 11400000, guid: e3de8fb2553047b4fae5a44110a91cfb, type: 2}
  selectedOptionalFunction: {fileID: 0}
--- !u!114 &5167245340380904253
MonoBehaviour:
  m_ObjectHideFlags: 0
  m_CorrespondingSourceObject: {fileID: 0}
  m_PrefabInstance: {fileID: 0}
  m_PrefabAsset: {fileID: 0}
  m_GameObject: {fileID: 529299928703549240}
  m_Enabled: 1
  m_EditorHideFlags: 0
  m_Script: {fileID: 11500000, guid: 6babaae144bcc55458a5958fa7d6af9c, type: 3}
  m_Name: 
  m_EditorClassIdentifier: 
  optionalFunctions:
  - {fileID: 11400000, guid: c53afd1aceb3a194ab6025f7e52a77cd, type: 2}
  - {fileID: 11400000, guid: e3de8fb2553047b4fae5a44110a91cfb, type: 2}
--- !u!114 &3117451868805571481
MonoBehaviour:
  m_ObjectHideFlags: 0
  m_CorrespondingSourceObject: {fileID: 0}
  m_PrefabInstance: {fileID: 0}
  m_PrefabAsset: {fileID: 0}
  m_GameObject: {fileID: 690221430009909839}
  m_Enabled: 1
  m_EditorHideFlags: 0
  m_Script: {fileID: 11500000, guid: 816c52b73d7a1de4d8f07430f0420752, type: 3}
  m_Name: 
  m_EditorClassIdentifier: 
  partMeshType: legs2
  setMaterialIndex: -1
  setMaterialIndex2: -1
  sewing: 0
--- !u!114 &7273864938812709702
MonoBehaviour:
  m_ObjectHideFlags: 0
  m_CorrespondingSourceObject: {fileID: 0}
  m_PrefabInstance: {fileID: 0}
  m_PrefabAsset: {fileID: 0}
  m_GameObject: {fileID: 1573049376690521362}
  m_Enabled: 1
  m_EditorHideFlags: 0
  m_Script: {fileID: 11500000, guid: 816c52b73d7a1de4d8f07430f0420752, type: 3}
  m_Name: 
  m_EditorClassIdentifier: 
  partMeshType: legs
  setMaterialIndex: -1
  setMaterialIndex2: -1
  sewing: 0
--- !u!114 &154276659479732939
MonoBehaviour:
  m_ObjectHideFlags: 0
  m_CorrespondingSourceObject: {fileID: 0}
  m_PrefabInstance: {fileID: 0}
  m_PrefabAsset: {fileID: 0}
  m_GameObject: {fileID: 4965133014414661942}
  m_Enabled: 1
  m_EditorHideFlags: 0
  m_Script: {fileID: 11500000, guid: 298df71d7d1c94f47a9df2b26686031c, type: 3}
  m_Name: 
  m_EditorClassIdentifier: 
  type: 0
  connection: l
  allowedCategories: []
  disallowedCategories: []
  partPointGUI: {fileID: 0}
  activateOnDisconnect: []
  connectedTo: {fileID: 0}
  part: {fileID: 0}
--- !u!64 &1198844700745222327
MeshCollider:
  m_ObjectHideFlags: 0
  m_CorrespondingSourceObject: {fileID: 0}
  m_PrefabInstance: {fileID: 0}
  m_PrefabAsset: {fileID: 0}
  m_GameObject: {fileID: 7424289376700577449}
  m_Material: {fileID: 0}
  m_IsTrigger: 0
  m_Enabled: 1
  serializedVersion: 3
  m_Convex: 0
  m_CookingOptions: 14
  m_Mesh: {fileID: 7353023202498101713, guid: 587dd50c1eee3df4f94fd68e11764960, type: 3}
--- !u!114 &6584590345496378382
MonoBehaviour:
  m_ObjectHideFlags: 0
  m_CorrespondingSourceObject: {fileID: 0}
  m_PrefabInstance: {fileID: 0}
  m_PrefabAsset: {fileID: 0}
  m_GameObject: {fileID: 7424289376700577449}
  m_Enabled: 1
  m_EditorHideFlags: 0
  m_Script: {fileID: 11500000, guid: 816c52b73d7a1de4d8f07430f0420752, type: 3}
  m_Name: 
  m_EditorClassIdentifier: 
  partMeshType: main
  setMaterialIndex: -1
  setMaterialIndex2: -1
  sewing: 0
--- !u!114 &6845203035994182815
MonoBehaviour:
  m_ObjectHideFlags: 0
  m_CorrespondingSourceObject: {fileID: 0}
  m_PrefabInstance: {fileID: 0}
  m_PrefabAsset: {fileID: 0}
  m_GameObject: {fileID: 7957017820410721976}
  m_Enabled: 1
  m_EditorHideFlags: 0
  m_Script: {fileID: 11500000, guid: 816c52b73d7a1de4d8f07430f0420752, type: 3}
  m_Name: 
  m_EditorClassIdentifier: 
  partMeshType: legs2
  setMaterialIndex: -1
  setMaterialIndex2: -1
  sewing: 0
--- !u!1001 &112775451477432268
PrefabInstance:
  m_ObjectHideFlags: 0
  serializedVersion: 2
  m_Modification:
    m_TransformParent: {fileID: 2410403924803143244}
    m_Modifications:
    - target: {fileID: -927199367670048503, guid: 587dd50c1eee3df4f94fd68e11764960,
        type: 3}
      propertyPath: m_Name
      value: ARM 4 L
      objectReference: {fileID: 0}
    - target: {fileID: -927199367670048503, guid: 587dd50c1eee3df4f94fd68e11764960,
        type: 3}
      propertyPath: m_Layer
      value: 9
      objectReference: {fileID: 0}
    - target: {fileID: 7392930877917094245, guid: 587dd50c1eee3df4f94fd68e11764960,
        type: 3}
      propertyPath: m_Layer
      value: 9
      objectReference: {fileID: 0}
    - target: {fileID: -5703026040108894005, guid: 587dd50c1eee3df4f94fd68e11764960,
        type: 3}
      propertyPath: m_IsActive
      value: 0
      objectReference: {fileID: 0}
    - target: {fileID: -4217873357167505670, guid: 587dd50c1eee3df4f94fd68e11764960,
        type: 3}
      propertyPath: m_Layer
      value: 9
      objectReference: {fileID: 0}
    - target: {fileID: -7763026264348454178, guid: 587dd50c1eee3df4f94fd68e11764960,
        type: 3}
      propertyPath: m_Layer
      value: 9
      objectReference: {fileID: 0}
    - target: {fileID: 577727489097860483, guid: 587dd50c1eee3df4f94fd68e11764960,
        type: 3}
      propertyPath: m_IsActive
      value: 0
      objectReference: {fileID: 0}
    - target: {fileID: -1153579973463056012, guid: 587dd50c1eee3df4f94fd68e11764960,
        type: 3}
      propertyPath: m_IsActive
      value: 0
      objectReference: {fileID: 0}
    - target: {fileID: 4349377652590310072, guid: 587dd50c1eee3df4f94fd68e11764960,
        type: 3}
      propertyPath: m_IsActive
      value: 0
      objectReference: {fileID: 0}
    - target: {fileID: -7072080499697416895, guid: 587dd50c1eee3df4f94fd68e11764960,
        type: 3}
      propertyPath: m_IsActive
      value: 0
      objectReference: {fileID: 0}
    - target: {fileID: -4216859302048453862, guid: 587dd50c1eee3df4f94fd68e11764960,
        type: 3}
      propertyPath: m_LocalPosition.x
      value: 0
      objectReference: {fileID: 0}
    - target: {fileID: -4216859302048453862, guid: 587dd50c1eee3df4f94fd68e11764960,
        type: 3}
      propertyPath: m_LocalPosition.y
      value: 0
      objectReference: {fileID: 0}
    - target: {fileID: -4216859302048453862, guid: 587dd50c1eee3df4f94fd68e11764960,
        type: 3}
      propertyPath: m_LocalPosition.z
      value: 0
      objectReference: {fileID: 0}
    - target: {fileID: -4216859302048453862, guid: 587dd50c1eee3df4f94fd68e11764960,
        type: 3}
      propertyPath: m_LocalRotation.x
      value: 0
      objectReference: {fileID: 0}
    - target: {fileID: -4216859302048453862, guid: 587dd50c1eee3df4f94fd68e11764960,
        type: 3}
      propertyPath: m_LocalRotation.y
      value: 0
      objectReference: {fileID: 0}
    - target: {fileID: -4216859302048453862, guid: 587dd50c1eee3df4f94fd68e11764960,
        type: 3}
      propertyPath: m_LocalRotation.z
      value: 0
      objectReference: {fileID: 0}
    - target: {fileID: -4216859302048453862, guid: 587dd50c1eee3df4f94fd68e11764960,
        type: 3}
      propertyPath: m_LocalRotation.w
      value: 1
      objectReference: {fileID: 0}
    - target: {fileID: -4216859302048453862, guid: 587dd50c1eee3df4f94fd68e11764960,
        type: 3}
      propertyPath: m_RootOrder
      value: 0
      objectReference: {fileID: 0}
    - target: {fileID: -4216859302048453862, guid: 587dd50c1eee3df4f94fd68e11764960,
        type: 3}
      propertyPath: m_LocalEulerAnglesHint.x
      value: 0
      objectReference: {fileID: 0}
    - target: {fileID: -4216859302048453862, guid: 587dd50c1eee3df4f94fd68e11764960,
        type: 3}
      propertyPath: m_LocalEulerAnglesHint.y
      value: 0
      objectReference: {fileID: 0}
    - target: {fileID: -4216859302048453862, guid: 587dd50c1eee3df4f94fd68e11764960,
        type: 3}
      propertyPath: m_LocalEulerAnglesHint.z
      value: 0
      objectReference: {fileID: 0}
    - target: {fileID: 2372236114885454894, guid: 587dd50c1eee3df4f94fd68e11764960,
        type: 3}
      propertyPath: m_Materials.Array.data[0]
      value: 
      objectReference: {fileID: -5687862919892516342, guid: d7193c81b3826be46ac2a5653a121785,
        type: 3}
    - target: {fileID: -5786678579769631414, guid: 587dd50c1eee3df4f94fd68e11764960,
        type: 3}
      propertyPath: m_Materials.Array.data[0]
      value: 
      objectReference: {fileID: 2100000, guid: ef0a40ef0c4155445bab600761bd9a08, type: 2}
    - target: {fileID: -5786678579769631414, guid: 587dd50c1eee3df4f94fd68e11764960,
        type: 3}
      propertyPath: m_Materials.Array.data[1]
      value: 
      objectReference: {fileID: 2100000, guid: ef0a40ef0c4155445bab600761bd9a08, type: 2}
    m_RemovedComponents: []
  m_SourcePrefab: {fileID: 100100000, guid: 587dd50c1eee3df4f94fd68e11764960, type: 3}
--- !u!4 &4965812748327582934 stripped
Transform:
  m_CorrespondingSourceObject: {fileID: -4216859302048453862, guid: 587dd50c1eee3df4f94fd68e11764960,
    type: 3}
  m_PrefabInstance: {fileID: 112775451477432268}
  m_PrefabAsset: {fileID: 0}
--- !u!1 &529299928703549240 stripped
GameObject:
  m_CorrespondingSourceObject: {fileID: -8734489757017315084, guid: 587dd50c1eee3df4f94fd68e11764960,
    type: 3}
  m_PrefabInstance: {fileID: 112775451477432268}
  m_PrefabAsset: {fileID: 0}
--- !u!1 &7424289376700577449 stripped
GameObject:
  m_CorrespondingSourceObject: {fileID: 7392930877917094245, guid: 587dd50c1eee3df4f94fd68e11764960,
    type: 3}
  m_PrefabInstance: {fileID: 112775451477432268}
  m_PrefabAsset: {fileID: 0}
--- !u!1 &4965133014414661942 stripped
GameObject:
  m_CorrespondingSourceObject: {fileID: -4217873357167505670, guid: 587dd50c1eee3df4f94fd68e11764960,
    type: 3}
  m_PrefabInstance: {fileID: 112775451477432268}
  m_PrefabAsset: {fileID: 0}
--- !u!1 &1573049376690521362 stripped
GameObject:
  m_CorrespondingSourceObject: {fileID: -7763026264348454178, guid: 587dd50c1eee3df4f94fd68e11764960,
    type: 3}
  m_PrefabInstance: {fileID: 112775451477432268}
  m_PrefabAsset: {fileID: 0}
--- !u!1 &690221430009909839 stripped
GameObject:
  m_CorrespondingSourceObject: {fileID: 577727489097860483, guid: 587dd50c1eee3df4f94fd68e11764960,
    type: 3}
  m_PrefabInstance: {fileID: 112775451477432268}
  m_PrefabAsset: {fileID: 0}
--- !u!1 &7957017820410721976 stripped
GameObject:
  m_CorrespondingSourceObject: {fileID: -1153579973463056012, guid: 587dd50c1eee3df4f94fd68e11764960,
    type: 3}
  m_PrefabInstance: {fileID: 112775451477432268}
  m_PrefabAsset: {fileID: 0}
