%YAML 1.1
%TAG !u! tag:unity3d.com,2011:
--- !u!29 &1
OcclusionCullingSettings:
  m_ObjectHideFlags: 0
  serializedVersion: 2
  m_OcclusionBakeSettings:
    smallestOccluder: 5
    smallestHole: 0.25
    backfaceThreshold: 100
  m_SceneGUID: 00000000000000000000000000000000
  m_OcclusionCullingData: {fileID: 0}
--- !u!104 &2
RenderSettings:
  m_ObjectHideFlags: 0
  serializedVersion: 9
  m_Fog: 0
  m_FogColor: {r: 0.5, g: 0.5, b: 0.5, a: 1}
  m_FogMode: 3
  m_FogDensity: 0.01
  m_LinearFogStart: 0
  m_LinearFogEnd: 300
  m_AmbientSkyColor: {r: 1, g: 1, b: 1, a: 1}
  m_AmbientEquatorColor: {r: 0.8207547, g: 0.8207547, b: 0.8207547, a: 1}
  m_AmbientGroundColor: {r: 0.5188679, g: 0.5188679, b: 0.5188679, a: 1}
  m_AmbientIntensity: 1
  m_AmbientMode: 0
  m_SubtractiveShadowColor: {r: 0.42, g: 0.478, b: 0.627, a: 1}
  m_SkyboxMaterial: {fileID: 2100000, guid: 29cb93e55ef0d6f4193ee498f6c0ac32, type: 2}
  m_HaloStrength: 0.5
  m_FlareStrength: 1
  m_FlareFadeSpeed: 3
  m_HaloTexture: {fileID: 0}
  m_SpotCookie: {fileID: 10001, guid: 0000000000000000e000000000000000, type: 0}
  m_DefaultReflectionMode: 0
  m_DefaultReflectionResolution: 128
  m_ReflectionBounces: 1
  m_ReflectionIntensity: 1
  m_CustomReflection: {fileID: 8900000, guid: 32a64c90edde75d4b8de426969a31431, type: 3}
  m_Sun: {fileID: 1692164349}
  m_IndirectSpecularColor: {r: 0.69646174, g: 0.7317032, b: 0.751628, a: 1}
  m_UseRadianceAmbientProbe: 0
--- !u!157 &3
LightmapSettings:
  m_ObjectHideFlags: 0
  serializedVersion: 11
  m_GIWorkflowMode: 1
  m_GISettings:
    serializedVersion: 2
    m_BounceScale: 1
    m_IndirectOutputScale: 1
    m_AlbedoBoost: 1
    m_EnvironmentLightingMode: 0
    m_EnableBakedLightmaps: 1
    m_EnableRealtimeLightmaps: 1
  m_LightmapEditorSettings:
    serializedVersion: 12
    m_Resolution: 2
    m_BakeResolution: 40
    m_AtlasSize: 1024
    m_AO: 0
    m_AOMaxDistance: 1
    m_CompAOExponent: 1
    m_CompAOExponentDirect: 0
    m_ExtractAmbientOcclusion: 0
    m_Padding: 2
    m_LightmapParameters: {fileID: 0}
    m_LightmapsBakeMode: 1
    m_TextureCompression: 1
    m_FinalGather: 0
    m_FinalGatherFiltering: 1
    m_FinalGatherRayCount: 256
    m_ReflectionCompression: 2
    m_MixedBakeMode: 2
    m_BakeBackend: 1
    m_PVRSampling: 1
    m_PVRDirectSampleCount: 32
    m_PVRSampleCount: 500
    m_PVRBounces: 2
    m_PVREnvironmentSampleCount: 500
    m_PVREnvironmentReferencePointCount: 2048
    m_PVRFilteringMode: 2
    m_PVRDenoiserTypeDirect: 0
    m_PVRDenoiserTypeIndirect: 0
    m_PVRDenoiserTypeAO: 0
    m_PVRFilterTypeDirect: 0
    m_PVRFilterTypeIndirect: 0
    m_PVRFilterTypeAO: 0
    m_PVREnvironmentMIS: 0
    m_PVRCulling: 1
    m_PVRFilteringGaussRadiusDirect: 1
    m_PVRFilteringGaussRadiusIndirect: 5
    m_PVRFilteringGaussRadiusAO: 2
    m_PVRFilteringAtrousPositionSigmaDirect: 0.5
    m_PVRFilteringAtrousPositionSigmaIndirect: 2
    m_PVRFilteringAtrousPositionSigmaAO: 1
    m_ExportTrainingData: 0
    m_TrainingDataDestination: TrainingData
  m_LightingDataAsset: {fileID: 112000000, guid: b77fe0fb95c222242a0c14ae6e249503,
    type: 2}
  m_UseShadowmask: 1
--- !u!196 &4
NavMeshSettings:
  serializedVersion: 2
  m_ObjectHideFlags: 0
  m_BuildSettings:
    serializedVersion: 2
    agentTypeID: 0
    agentRadius: 0.5
    agentHeight: 2
    agentSlope: 45
    agentClimb: 0.4
    ledgeDropHeight: 0
    maxJumpAcrossDistance: 0
    minRegionArea: 2
    manualCellSize: 0
    cellSize: 0.16666667
    manualTileSize: 0
    tileSize: 256
    accuratePlacement: 0
    debug:
      m_Flags: 0
  m_NavMeshData: {fileID: 0}
--- !u!1 &180363483
GameObject:
  m_ObjectHideFlags: 0
  m_CorrespondingSourceObject: {fileID: 0}
  m_PrefabInstance: {fileID: 0}
  m_PrefabAsset: {fileID: 0}
  serializedVersion: 6
  m_Component:
  - component: {fileID: 180363486}
  - component: {fileID: 180363485}
  - component: {fileID: 180363484}
  - component: {fileID: 180363489}
  - component: {fileID: 180363490}
  - component: {fileID: 180363492}
  - component: {fileID: 180363487}
  m_Layer: 0
  m_Name: Main Camera 3D
  m_TagString: MainCamera
  m_Icon: {fileID: 0}
  m_NavMeshLayer: 0
  m_StaticEditorFlags: 0
  m_IsActive: 1
--- !u!81 &180363484
AudioListener:
  m_ObjectHideFlags: 0
  m_CorrespondingSourceObject: {fileID: 0}
  m_PrefabInstance: {fileID: 0}
  m_PrefabAsset: {fileID: 0}
  m_GameObject: {fileID: 180363483}
  m_Enabled: 1
--- !u!20 &180363485
Camera:
  m_ObjectHideFlags: 0
  m_CorrespondingSourceObject: {fileID: 0}
  m_PrefabInstance: {fileID: 0}
  m_PrefabAsset: {fileID: 0}
  m_GameObject: {fileID: 180363483}
  m_Enabled: 1
  serializedVersion: 2
  m_ClearFlags: 2
  m_BackGroundColor: {r: 0.9450981, g: 0.9450981, b: 0.9450981, a: 1}
  m_projectionMatrixMode: 1
  m_GateFitMode: 2
  m_FOVAxisMode: 0
  m_SensorSize: {x: 36, y: 24}
  m_LensShift: {x: 0, y: 0}
  m_FocalLength: 50
  m_NormalizedViewPortRect:
    serializedVersion: 2
    x: 0
    y: 0
    width: 1
    height: 1
  near clip plane: 0.01
  far clip plane: 1000
  field of view: 60
  orthographic: 0
  orthographic size: 5
  m_Depth: -1
  m_CullingMask:
    serializedVersion: 2
    m_Bits: 4294967295
  m_RenderingPath: -1
  m_TargetTexture: {fileID: 0}
  m_TargetDisplay: 0
  m_TargetEye: 3
  m_HDR: 1
  m_AllowMSAA: 1
  m_AllowDynamicResolution: 0
  m_ForceIntoRT: 1
  m_OcclusionCulling: 1
  m_StereoConvergence: 10
  m_StereoSeparation: 0.022
--- !u!4 &180363486
Transform:
  m_ObjectHideFlags: 0
  m_CorrespondingSourceObject: {fileID: 0}
  m_PrefabInstance: {fileID: 0}
  m_PrefabAsset: {fileID: 0}
  m_GameObject: {fileID: 180363483}
  m_LocalRotation: {x: 0.7071068, y: 0, z: 0, w: 0.7071068}
  m_LocalPosition: {x: 0, y: 0.41, z: 0}
  m_LocalScale: {x: 1, y: 1, z: 1}
  m_Children: []
  m_Father: {fileID: 1763201128}
  m_RootOrder: 0
  m_LocalEulerAnglesHint: {x: 90, y: 0, z: 0}
--- !u!114 &180363487
MonoBehaviour:
  m_ObjectHideFlags: 0
  m_CorrespondingSourceObject: {fileID: 0}
  m_PrefabInstance: {fileID: 0}
  m_PrefabAsset: {fileID: 0}
  m_GameObject: {fileID: 180363483}
  m_Enabled: 1
  m_EditorHideFlags: 0
  m_Script: {fileID: 11500000, guid: 63a7daa65a083854594c0cd3158099dc, type: 3}
  m_Name: 
  m_EditorClassIdentifier: 
  DetectCollisionLayers:
    serializedVersion: 2
    m_Bits: 512
--- !u!114 &180363489
MonoBehaviour:
  m_ObjectHideFlags: 0
  m_CorrespondingSourceObject: {fileID: 0}
  m_PrefabInstance: {fileID: 0}
  m_PrefabAsset: {fileID: 0}
  m_GameObject: {fileID: 180363483}
  m_Enabled: 1
  m_EditorHideFlags: 0
  m_Script: {fileID: 11500000, guid: c0ecae809558b41488665454ef725014, type: 3}
  m_Name: 
  m_EditorClassIdentifier: 
  m_Interact: 1
  Target: {fileID: 0}
  isForMobile: 0
  AutoTakeInfo: 1
  Distance: 1
  SwichtSpeed: 1
  DistanceClamp: {x: 1, y: 8}
  YLimitClamp: {x: 5, y: 90}
  XLimitClamp: {x: 360, y: 360}
  SpeedAxis: {x: 1000, y: 500}
  LockCursorOnRotate: 0
  RequiredInput: 1
  RotateInputKey: 0
  InputMultiplier: 0.002
  InputLerp: 7
  useKeys: 0
  MovementType: 0
  TouchZoomAmount: -5
  LerpSpeed: 5.5
  OutInputSpeed: 25
  StartFov: 50
  FovLerp: 3.85
  DelayStartFoV: 0
  ScrollSensitivity: 1
  ZoomSpeed: 11
  AutoRotate: 0
  AutoRotationType: 0
  AutoRotSpeed: 4
  DetectCollision: 0
  TeleporOnHit: 0
  CollisionRadius: 1
  DetectCollisionLayers:
    serializedVersion: 2
    m_Bits: 512
  FadeOnStart: 0
  FadeSpeed: 0.2
  FadeTexture: {fileID: 2800000, guid: 85f88e272373e714e9b970359662d9c2, type: 3}
--- !u!114 &180363490
MonoBehaviour:
  m_ObjectHideFlags: 0
  m_CorrespondingSourceObject: {fileID: 0}
  m_PrefabInstance: {fileID: 0}
  m_PrefabAsset: {fileID: 0}
  m_GameObject: {fileID: 180363483}
  m_Enabled: 1
  m_EditorHideFlags: 0
  m_Script: {fileID: 11500000, guid: b53a10e058e6bc444895d18f06c514fd, type: 3}
  m_Name: 
  m_EditorClassIdentifier: 
  m_CameraOrbit: {fileID: 180363489}
  MovementMultiplier: {x: 3, y: 3}
  CancelRotateOnPinch: 1
  m_PinchZoomSpeed: 0.01
--- !u!114 &180363492
MonoBehaviour:
  m_ObjectHideFlags: 0
  m_CorrespondingSourceObject: {fileID: 0}
  m_PrefabInstance: {fileID: 0}
  m_PrefabAsset: {fileID: 0}
  m_GameObject: {fileID: 180363483}
  m_Enabled: 1
  m_EditorHideFlags: 0
  m_Script: {fileID: 11500000, guid: 948f4100a11a5c24981795d21301da5c, type: 3}
  m_Name: 
  m_EditorClassIdentifier: 
  volumeTrigger: {fileID: 180363486}
  volumeLayer:
    serializedVersion: 2
    m_Bits: 256
  stopNaNPropagation: 1
  finalBlitToCameraTarget: 1
  antialiasingMode: 1
  temporalAntialiasing:
    jitterSpread: 0.75
    sharpness: 0.25
    stationaryBlending: 0.95
    motionBlending: 0.85
  subpixelMorphologicalAntialiasing:
    quality: 2
  fastApproximateAntialiasing:
    fastMode: 1
    keepAlpha: 0
  fog:
    enabled: 1
    excludeSkybox: 1
  debugLayer:
    lightMeter:
      width: 512
      height: 256
      showCurves: 1
    histogram:
      width: 512
      height: 256
      channel: 3
    waveform:
      exposure: 0.12
      height: 256
    vectorscope:
      size: 256
      exposure: 0.12
    overlaySettings:
      linearDepth: 0
      motionColorIntensity: 4
      motionGridSize: 64
      colorBlindnessType: 0
      colorBlindnessStrength: 1
  m_Resources: {fileID: 11400000, guid: d82512f9c8e5d4a4d938b575d47f88d4, type: 2}
  m_ShowToolkit: 1
  m_ShowCustomSorter: 1
  breakBeforeColorGrading: 0
  m_BeforeTransparentBundles: []
  m_BeforeStackBundles: []
  m_AfterStackBundles: []
--- !u!1 &382797679
GameObject:
  m_ObjectHideFlags: 0
  m_CorrespondingSourceObject: {fileID: 0}
  m_PrefabInstance: {fileID: 0}
  m_PrefabAsset: {fileID: 0}
  serializedVersion: 6
  m_Component:
  - component: {fileID: 382797680}
  m_Layer: 0
  m_Name: Royce_Zostava
  m_TagString: Untagged
  m_Icon: {fileID: 0}
  m_NavMeshLayer: 0
  m_StaticEditorFlags: 0
  m_IsActive: 1
--- !u!4 &382797680
Transform:
  m_ObjectHideFlags: 0
  m_CorrespondingSourceObject: {fileID: 0}
  m_PrefabInstance: {fileID: 0}
  m_PrefabAsset: {fileID: 0}
  m_GameObject: {fileID: 382797679}
  m_LocalRotation: {x: 0, y: 0, z: 0, w: 1}
  m_LocalPosition: {x: 1.3605119, y: 0.07432693, z: -0.0037734509}
  m_LocalScale: {x: 1, y: 1, z: 1}
  m_Children:
  - {fileID: 1226031760}
  - {fileID: 1108118567}
  - {fileID: 1063270749}
  - {fileID: 1219725508}
  - {fileID: 1817870997}
  m_Father: {fileID: 0}
  m_RootOrder: 1
  m_LocalEulerAnglesHint: {x: 0, y: 0, z: 0}
--- !u!1001 &1063270748
PrefabInstance:
  m_ObjectHideFlags: 0
  serializedVersion: 2
  m_Modification:
    m_TransformParent: {fileID: 382797680}
    m_Modifications:
    - target: {fileID: -927199367670048503, guid: c07b446f121442442b37d793132b171a,
        type: 3}
      propertyPath: m_Name
      value: Royce_Podrucka
      objectReference: {fileID: 0}
    - target: {fileID: -8792008794241793260, guid: c07b446f121442442b37d793132b171a,
        type: 3}
      propertyPath: m_Materials.Array.data[0]
      value: 
      objectReference: {fileID: 2100000, guid: e34b8144b834e52458686bfb947ba14d, type: 2}
    - target: {fileID: -5481844184832085114, guid: c07b446f121442442b37d793132b171a,
        type: 3}
      propertyPath: m_Materials.Array.data[0]
      value: 
      objectReference: {fileID: 2100000, guid: e34b8144b834e52458686bfb947ba14d, type: 2}
    - target: {fileID: -4216859302048453862, guid: c07b446f121442442b37d793132b171a,
        type: 3}
      propertyPath: m_LocalPosition.x
      value: -1.759512
      objectReference: {fileID: 0}
    - target: {fileID: -4216859302048453862, guid: c07b446f121442442b37d793132b171a,
        type: 3}
      propertyPath: m_LocalPosition.y
      value: -0.07432693
      objectReference: {fileID: 0}
    - target: {fileID: -4216859302048453862, guid: c07b446f121442442b37d793132b171a,
        type: 3}
      propertyPath: m_LocalPosition.z
      value: 0.0037734509
      objectReference: {fileID: 0}
    - target: {fileID: -4216859302048453862, guid: c07b446f121442442b37d793132b171a,
        type: 3}
      propertyPath: m_LocalRotation.x
      value: 0.000000021855694
      objectReference: {fileID: 0}
    - target: {fileID: -4216859302048453862, guid: c07b446f121442442b37d793132b171a,
        type: 3}
      propertyPath: m_LocalRotation.y
      value: -0
      objectReference: {fileID: 0}
    - target: {fileID: -4216859302048453862, guid: c07b446f121442442b37d793132b171a,
        type: 3}
      propertyPath: m_LocalRotation.z
      value: -0
      objectReference: {fileID: 0}
    - target: {fileID: -4216859302048453862, guid: c07b446f121442442b37d793132b171a,
        type: 3}
      propertyPath: m_LocalRotation.w
      value: 1
      objectReference: {fileID: 0}
    - target: {fileID: -4216859302048453862, guid: c07b446f121442442b37d793132b171a,
        type: 3}
      propertyPath: m_RootOrder
      value: 2
      objectReference: {fileID: 0}
    - target: {fileID: -4216859302048453862, guid: c07b446f121442442b37d793132b171a,
        type: 3}
      propertyPath: m_LocalEulerAnglesHint.x
      value: 0
      objectReference: {fileID: 0}
    - target: {fileID: -4216859302048453862, guid: c07b446f121442442b37d793132b171a,
        type: 3}
      propertyPath: m_LocalEulerAnglesHint.y
      value: 0
      objectReference: {fileID: 0}
    - target: {fileID: -4216859302048453862, guid: c07b446f121442442b37d793132b171a,
        type: 3}
      propertyPath: m_LocalEulerAnglesHint.z
      value: 0
      objectReference: {fileID: 0}
    - target: {fileID: -1862094214597167834, guid: c07b446f121442442b37d793132b171a,
        type: 3}
      propertyPath: m_Materials.Array.data[0]
      value: 
      objectReference: {fileID: 2100000, guid: e3e383409810a8e49b6c43500cc1cfcc, type: 2}
    - target: {fileID: -1123553629030552097, guid: c07b446f121442442b37d793132b171a,
        type: 3}
      propertyPath: m_Materials.Array.data[0]
      value: 
      objectReference: {fileID: 2100000, guid: e3e383409810a8e49b6c43500cc1cfcc, type: 2}
    - target: {fileID: 1850474059842815404, guid: c07b446f121442442b37d793132b171a,
        type: 3}
      propertyPath: m_IsActive
      value: 1
      objectReference: {fileID: 0}
    - target: {fileID: 5503764531493394791, guid: c07b446f121442442b37d793132b171a,
        type: 3}
      propertyPath: m_Materials.Array.data[0]
      value: 
      objectReference: {fileID: 2100000, guid: e34b8144b834e52458686bfb947ba14d, type: 2}
    - target: {fileID: 6287037274593505867, guid: c07b446f121442442b37d793132b171a,
        type: 3}
      propertyPath: m_Materials.Array.data[0]
      value: 
      objectReference: {fileID: 2100000, guid: e3e383409810a8e49b6c43500cc1cfcc, type: 2}
    - target: {fileID: 6721442440258697025, guid: c07b446f121442442b37d793132b171a,
        type: 3}
      propertyPath: m_IsActive
      value: 0
      objectReference: {fileID: 0}
    m_RemovedComponents: []
  m_SourcePrefab: {fileID: 100100000, guid: c07b446f121442442b37d793132b171a, type: 3}
--- !u!4 &1063270749 stripped
Transform:
  m_CorrespondingSourceObject: {fileID: -4216859302048453862, guid: c07b446f121442442b37d793132b171a,
    type: 3}
  m_PrefabInstance: {fileID: 1063270748}
  m_PrefabAsset: {fileID: 0}
--- !u!1001 &1108118566
PrefabInstance:
  m_ObjectHideFlags: 0
  serializedVersion: 2
  m_Modification:
    m_TransformParent: {fileID: 382797680}
    m_Modifications:
    - target: {fileID: -927199367670048503, guid: 4b95813ef90f4f646b6bb5ce437253e6,
        type: 3}
      propertyPath: m_Name
      value: Royce_1Tka_70cm (1)
      objectReference: {fileID: 0}
    - target: {fileID: -5036063434103612730, guid: 4b95813ef90f4f646b6bb5ce437253e6,
        type: 3}
      propertyPath: m_Materials.Array.data[0]
      value: 
      objectReference: {fileID: 2100000, guid: e34b8144b834e52458686bfb947ba14d, type: 2}
    - target: {fileID: -4216859302048453862, guid: 4b95813ef90f4f646b6bb5ce437253e6,
        type: 3}
      propertyPath: m_LocalPosition.x
      value: -0.6615119
      objectReference: {fileID: 0}
    - target: {fileID: -4216859302048453862, guid: 4b95813ef90f4f646b6bb5ce437253e6,
        type: 3}
      propertyPath: m_LocalPosition.y
      value: -0.07432693
      objectReference: {fileID: 0}
    - target: {fileID: -4216859302048453862, guid: 4b95813ef90f4f646b6bb5ce437253e6,
        type: 3}
      propertyPath: m_LocalPosition.z
      value: 0.0037734509
      objectReference: {fileID: 0}
    - target: {fileID: -4216859302048453862, guid: 4b95813ef90f4f646b6bb5ce437253e6,
        type: 3}
      propertyPath: m_LocalRotation.x
      value: 0.000000021855694
      objectReference: {fileID: 0}
    - target: {fileID: -4216859302048453862, guid: 4b95813ef90f4f646b6bb5ce437253e6,
        type: 3}
      propertyPath: m_LocalRotation.y
      value: -0
      objectReference: {fileID: 0}
    - target: {fileID: -4216859302048453862, guid: 4b95813ef90f4f646b6bb5ce437253e6,
        type: 3}
      propertyPath: m_LocalRotation.z
      value: -0
      objectReference: {fileID: 0}
    - target: {fileID: -4216859302048453862, guid: 4b95813ef90f4f646b6bb5ce437253e6,
        type: 3}
      propertyPath: m_LocalRotation.w
      value: 1
      objectReference: {fileID: 0}
    - target: {fileID: -4216859302048453862, guid: 4b95813ef90f4f646b6bb5ce437253e6,
        type: 3}
      propertyPath: m_RootOrder
      value: 1
      objectReference: {fileID: 0}
    - target: {fileID: -4216859302048453862, guid: 4b95813ef90f4f646b6bb5ce437253e6,
        type: 3}
      propertyPath: m_LocalEulerAnglesHint.x
      value: 0
      objectReference: {fileID: 0}
    - target: {fileID: -4216859302048453862, guid: 4b95813ef90f4f646b6bb5ce437253e6,
        type: 3}
      propertyPath: m_LocalEulerAnglesHint.y
      value: 0
      objectReference: {fileID: 0}
    - target: {fileID: -4216859302048453862, guid: 4b95813ef90f4f646b6bb5ce437253e6,
        type: 3}
      propertyPath: m_LocalEulerAnglesHint.z
      value: 0
      objectReference: {fileID: 0}
    - target: {fileID: -2719887608076869274, guid: 4b95813ef90f4f646b6bb5ce437253e6,
        type: 3}
      propertyPath: m_Materials.Array.data[0]
      value: 
      objectReference: {fileID: 2100000, guid: e34b8144b834e52458686bfb947ba14d, type: 2}
    - target: {fileID: -1373021803783762124, guid: 4b95813ef90f4f646b6bb5ce437253e6,
        type: 3}
      propertyPath: m_Materials.Array.data[0]
      value: 
      objectReference: {fileID: 2100000, guid: e34b8144b834e52458686bfb947ba14d, type: 2}
    - target: {fileID: 2919548931005240386, guid: 4b95813ef90f4f646b6bb5ce437253e6,
        type: 3}
      propertyPath: m_IsActive
      value: 0
      objectReference: {fileID: 0}
    - target: {fileID: 3094239464580649801, guid: 4b95813ef90f4f646b6bb5ce437253e6,
        type: 3}
      propertyPath: m_IsActive
      value: 1
      objectReference: {fileID: 0}
    - target: {fileID: 4766088075755587186, guid: 4b95813ef90f4f646b6bb5ce437253e6,
        type: 3}
      propertyPath: m_Materials.Array.data[0]
      value: 
      objectReference: {fileID: 2100000, guid: e34b8144b834e52458686bfb947ba14d, type: 2}
    - target: {fileID: 6217555510413665563, guid: 4b95813ef90f4f646b6bb5ce437253e6,
        type: 3}
      propertyPath: m_Materials.Array.data[0]
      value: 
      objectReference: {fileID: 2100000, guid: e34b8144b834e52458686bfb947ba14d, type: 2}
    - target: {fileID: 6691388766665938883, guid: 4b95813ef90f4f646b6bb5ce437253e6,
        type: 3}
      propertyPath: m_Materials.Array.data[0]
      value: 
      objectReference: {fileID: 2100000, guid: e3e383409810a8e49b6c43500cc1cfcc, type: 2}
    - target: {fileID: 7684987995057569315, guid: 4b95813ef90f4f646b6bb5ce437253e6,
        type: 3}
      propertyPath: m_Materials.Array.data[0]
      value: 
      objectReference: {fileID: 2100000, guid: e34b8144b834e52458686bfb947ba14d, type: 2}
    m_RemovedComponents: []
  m_SourcePrefab: {fileID: 100100000, guid: 4b95813ef90f4f646b6bb5ce437253e6, type: 3}
--- !u!4 &1108118567 stripped
Transform:
  m_CorrespondingSourceObject: {fileID: -4216859302048453862, guid: 4b95813ef90f4f646b6bb5ce437253e6,
    type: 3}
  m_PrefabInstance: {fileID: 1108118566}
  m_PrefabAsset: {fileID: 0}
--- !u!1 &1192142840
GameObject:
  m_ObjectHideFlags: 0
  m_CorrespondingSourceObject: {fileID: 0}
  m_PrefabInstance: {fileID: 0}
  m_PrefabAsset: {fileID: 0}
  serializedVersion: 6
  m_Component:
  - component: {fileID: 1192142842}
  - component: {fileID: 1192142841}
  m_Layer: 8
  m_Name: Post-process Volume
  m_TagString: Untagged
  m_Icon: {fileID: 0}
  m_NavMeshLayer: 0
  m_StaticEditorFlags: 0
  m_IsActive: 1
--- !u!114 &1192142841
MonoBehaviour:
  m_ObjectHideFlags: 0
  m_CorrespondingSourceObject: {fileID: 0}
  m_PrefabInstance: {fileID: 0}
  m_PrefabAsset: {fileID: 0}
  m_GameObject: {fileID: 1192142840}
  m_Enabled: 1
  m_EditorHideFlags: 0
  m_Script: {fileID: 11500000, guid: 8b9a305e18de0c04dbd257a21cd47087, type: 3}
  m_Name: 
  m_EditorClassIdentifier: 
  sharedProfile: {fileID: 11400000, guid: f474ddfd38ca3754086470604b38bae5, type: 2}
  isGlobal: 1
  blendDistance: 0
  weight: 1
  priority: 0
--- !u!4 &1192142842
Transform:
  m_ObjectHideFlags: 0
  m_CorrespondingSourceObject: {fileID: 0}
  m_PrefabInstance: {fileID: 0}
  m_PrefabAsset: {fileID: 0}
  m_GameObject: {fileID: 1192142840}
  m_LocalRotation: {x: -0, y: -0, z: -0, w: 1}
  m_LocalPosition: {x: 0, y: 0, z: 0}
  m_LocalScale: {x: 1, y: 1, z: 1}
  m_Children: []
  m_Father: {fileID: 1763201128}
  m_RootOrder: 3
  m_LocalEulerAnglesHint: {x: 0, y: 0, z: 0}
--- !u!1001 &1219725507
PrefabInstance:
  m_ObjectHideFlags: 0
  serializedVersion: 2
  m_Modification:
    m_TransformParent: {fileID: 382797680}
    m_Modifications:
    - target: {fileID: -927199367670048503, guid: 094410932da13264ba24115e45b18eab,
        type: 3}
      propertyPath: m_Name
      value: Royce_Roh
      objectReference: {fileID: 0}
    - target: {fileID: -6621819844297308423, guid: 094410932da13264ba24115e45b18eab,
        type: 3}
      propertyPath: m_Materials.Array.data[0]
      value: 
      objectReference: {fileID: 2100000, guid: e34b8144b834e52458686bfb947ba14d, type: 2}
    - target: {fileID: -6389726210886338739, guid: 094410932da13264ba24115e45b18eab,
        type: 3}
      propertyPath: m_Materials.Array.data[0]
      value: 
      objectReference: {fileID: 2100000, guid: e34b8144b834e52458686bfb947ba14d, type: 2}
    - target: {fileID: -4216859302048453862, guid: 094410932da13264ba24115e45b18eab,
        type: 3}
      propertyPath: m_LocalPosition.x
      value: 0.18848813
      objectReference: {fileID: 0}
    - target: {fileID: -4216859302048453862, guid: 094410932da13264ba24115e45b18eab,
        type: 3}
      propertyPath: m_LocalPosition.y
      value: -0.07432693
      objectReference: {fileID: 0}
    - target: {fileID: -4216859302048453862, guid: 094410932da13264ba24115e45b18eab,
        type: 3}
      propertyPath: m_LocalPosition.z
      value: 0.0037734509
      objectReference: {fileID: 0}
    - target: {fileID: -4216859302048453862, guid: 094410932da13264ba24115e45b18eab,
        type: 3}
      propertyPath: m_LocalRotation.x
      value: 0.000000021855694
      objectReference: {fileID: 0}
    - target: {fileID: -4216859302048453862, guid: 094410932da13264ba24115e45b18eab,
        type: 3}
      propertyPath: m_LocalRotation.y
      value: -0
      objectReference: {fileID: 0}
    - target: {fileID: -4216859302048453862, guid: 094410932da13264ba24115e45b18eab,
        type: 3}
      propertyPath: m_LocalRotation.z
      value: -0
      objectReference: {fileID: 0}
    - target: {fileID: -4216859302048453862, guid: 094410932da13264ba24115e45b18eab,
        type: 3}
      propertyPath: m_LocalRotation.w
      value: 1
      objectReference: {fileID: 0}
    - target: {fileID: -4216859302048453862, guid: 094410932da13264ba24115e45b18eab,
        type: 3}
      propertyPath: m_RootOrder
      value: 3
      objectReference: {fileID: 0}
    - target: {fileID: -4216859302048453862, guid: 094410932da13264ba24115e45b18eab,
        type: 3}
      propertyPath: m_LocalEulerAnglesHint.x
      value: 0
      objectReference: {fileID: 0}
    - target: {fileID: -4216859302048453862, guid: 094410932da13264ba24115e45b18eab,
        type: 3}
      propertyPath: m_LocalEulerAnglesHint.y
      value: 0
      objectReference: {fileID: 0}
    - target: {fileID: -4216859302048453862, guid: 094410932da13264ba24115e45b18eab,
        type: 3}
      propertyPath: m_LocalEulerAnglesHint.z
      value: 0
      objectReference: {fileID: 0}
    - target: {fileID: -2088189299492888675, guid: 094410932da13264ba24115e45b18eab,
        type: 3}
      propertyPath: m_Materials.Array.data[0]
      value: 
      objectReference: {fileID: 2100000, guid: e34b8144b834e52458686bfb947ba14d, type: 2}
    - target: {fileID: -936934674378631223, guid: 094410932da13264ba24115e45b18eab,
        type: 3}
      propertyPath: m_Materials.Array.data[0]
      value: 
      objectReference: {fileID: 2100000, guid: e34b8144b834e52458686bfb947ba14d, type: 2}
    - target: {fileID: 3429117439873908427, guid: 094410932da13264ba24115e45b18eab,
        type: 3}
      propertyPath: m_Materials.Array.data[0]
      value: 
      objectReference: {fileID: 2100000, guid: e3e383409810a8e49b6c43500cc1cfcc, type: 2}
    - target: {fileID: 5690164395574464826, guid: 094410932da13264ba24115e45b18eab,
        type: 3}
      propertyPath: m_LocalRotation.z
      value: -0.7071068
      objectReference: {fileID: 0}
    - target: {fileID: 5690164395574464826, guid: 094410932da13264ba24115e45b18eab,
        type: 3}
      propertyPath: m_LocalRotation.w
      value: 0.7071068
      objectReference: {fileID: 0}
    - target: {fileID: 5690164395574464826, guid: 094410932da13264ba24115e45b18eab,
        type: 3}
      propertyPath: m_LocalEulerAnglesHint.z
      value: -90
      objectReference: {fileID: 0}
    - target: {fileID: 6506268057052689299, guid: 094410932da13264ba24115e45b18eab,
        type: 3}
      propertyPath: m_Materials.Array.data[0]
      value: 
      objectReference: {fileID: 2100000, guid: e3e383409810a8e49b6c43500cc1cfcc, type: 2}
    - target: {fileID: 8720116026235596899, guid: 094410932da13264ba24115e45b18eab,
        type: 3}
      propertyPath: m_Materials.Array.data[0]
      value: 
      objectReference: {fileID: 2100000, guid: e34b8144b834e52458686bfb947ba14d, type: 2}
    m_RemovedComponents: []
  m_SourcePrefab: {fileID: 100100000, guid: 094410932da13264ba24115e45b18eab, type: 3}
--- !u!4 &1219725508 stripped
Transform:
  m_CorrespondingSourceObject: {fileID: -4216859302048453862, guid: 094410932da13264ba24115e45b18eab,
    type: 3}
  m_PrefabInstance: {fileID: 1219725507}
  m_PrefabAsset: {fileID: 0}
--- !u!1001 &1226031759
PrefabInstance:
  m_ObjectHideFlags: 0
  serializedVersion: 2
  m_Modification:
    m_TransformParent: {fileID: 382797680}
    m_Modifications:
    - target: {fileID: -927199367670048503, guid: 4b95813ef90f4f646b6bb5ce437253e6,
        type: 3}
      propertyPath: m_Name
      value: Royce_1Tka_70cm
      objectReference: {fileID: 0}
    - target: {fileID: -5036063434103612730, guid: 4b95813ef90f4f646b6bb5ce437253e6,
        type: 3}
      propertyPath: m_Materials.Array.data[0]
      value: 
      objectReference: {fileID: 2100000, guid: e34b8144b834e52458686bfb947ba14d, type: 2}
    - target: {fileID: -4216859302048453862, guid: 4b95813ef90f4f646b6bb5ce437253e6,
        type: 3}
      propertyPath: m_LocalPosition.x
      value: -1.3605119
      objectReference: {fileID: 0}
    - target: {fileID: -4216859302048453862, guid: 4b95813ef90f4f646b6bb5ce437253e6,
        type: 3}
      propertyPath: m_LocalPosition.y
      value: -0.07432693
      objectReference: {fileID: 0}
    - target: {fileID: -4216859302048453862, guid: 4b95813ef90f4f646b6bb5ce437253e6,
        type: 3}
      propertyPath: m_LocalPosition.z
      value: 0.0037734509
      objectReference: {fileID: 0}
    - target: {fileID: -4216859302048453862, guid: 4b95813ef90f4f646b6bb5ce437253e6,
        type: 3}
      propertyPath: m_LocalRotation.x
      value: 0.000000021855694
      objectReference: {fileID: 0}
    - target: {fileID: -4216859302048453862, guid: 4b95813ef90f4f646b6bb5ce437253e6,
        type: 3}
      propertyPath: m_LocalRotation.y
      value: -0
      objectReference: {fileID: 0}
    - target: {fileID: -4216859302048453862, guid: 4b95813ef90f4f646b6bb5ce437253e6,
        type: 3}
      propertyPath: m_LocalRotation.z
      value: -0
      objectReference: {fileID: 0}
    - target: {fileID: -4216859302048453862, guid: 4b95813ef90f4f646b6bb5ce437253e6,
        type: 3}
      propertyPath: m_LocalRotation.w
      value: 1
      objectReference: {fileID: 0}
    - target: {fileID: -4216859302048453862, guid: 4b95813ef90f4f646b6bb5ce437253e6,
        type: 3}
      propertyPath: m_RootOrder
      value: 0
      objectReference: {fileID: 0}
    - target: {fileID: -4216859302048453862, guid: 4b95813ef90f4f646b6bb5ce437253e6,
        type: 3}
      propertyPath: m_LocalEulerAnglesHint.x
      value: 0
      objectReference: {fileID: 0}
    - target: {fileID: -4216859302048453862, guid: 4b95813ef90f4f646b6bb5ce437253e6,
        type: 3}
      propertyPath: m_LocalEulerAnglesHint.y
      value: 0
      objectReference: {fileID: 0}
    - target: {fileID: -4216859302048453862, guid: 4b95813ef90f4f646b6bb5ce437253e6,
        type: 3}
      propertyPath: m_LocalEulerAnglesHint.z
      value: 0
      objectReference: {fileID: 0}
    - target: {fileID: -2719887608076869274, guid: 4b95813ef90f4f646b6bb5ce437253e6,
        type: 3}
      propertyPath: m_Materials.Array.data[0]
      value: 
      objectReference: {fileID: 2100000, guid: e34b8144b834e52458686bfb947ba14d, type: 2}
    - target: {fileID: -1373021803783762124, guid: 4b95813ef90f4f646b6bb5ce437253e6,
        type: 3}
      propertyPath: m_Materials.Array.data[0]
      value: 
      objectReference: {fileID: 2100000, guid: e34b8144b834e52458686bfb947ba14d, type: 2}
    - target: {fileID: 1209211045243408100, guid: 4b95813ef90f4f646b6bb5ce437253e6,
        type: 3}
      propertyPath: m_LocalRotation.x
      value: -0.7071068
      objectReference: {fileID: 0}
    - target: {fileID: 1209211045243408100, guid: 4b95813ef90f4f646b6bb5ce437253e6,
        type: 3}
      propertyPath: m_LocalRotation.z
      value: 0
      objectReference: {fileID: 0}
    - target: {fileID: 1209211045243408100, guid: 4b95813ef90f4f646b6bb5ce437253e6,
        type: 3}
      propertyPath: m_LocalRotation.w
      value: 0.7071068
      objectReference: {fileID: 0}
    - target: {fileID: 1209211045243408100, guid: 4b95813ef90f4f646b6bb5ce437253e6,
        type: 3}
      propertyPath: m_LocalEulerAnglesHint.x
      value: -90
      objectReference: {fileID: 0}
    - target: {fileID: 2735564532109070851, guid: 4b95813ef90f4f646b6bb5ce437253e6,
        type: 3}
      propertyPath: m_Materials.Array.data[0]
      value: 
      objectReference: {fileID: 2100000, guid: e34b8144b834e52458686bfb947ba14d, type: 2}
    - target: {fileID: 2919548931005240386, guid: 4b95813ef90f4f646b6bb5ce437253e6,
        type: 3}
      propertyPath: m_IsActive
      value: 0
      objectReference: {fileID: 0}
    - target: {fileID: 3094239464580649801, guid: 4b95813ef90f4f646b6bb5ce437253e6,
        type: 3}
      propertyPath: m_IsActive
      value: 1
      objectReference: {fileID: 0}
    - target: {fileID: 4188007763532618400, guid: 4b95813ef90f4f646b6bb5ce437253e6,
        type: 3}
      propertyPath: m_Materials.Array.data[0]
      value: 
      objectReference: {fileID: 2100000, guid: e3e383409810a8e49b6c43500cc1cfcc, type: 2}
    - target: {fileID: 4442169760495417872, guid: 4b95813ef90f4f646b6bb5ce437253e6,
        type: 3}
      propertyPath: m_Materials.Array.data[0]
      value: 
      objectReference: {fileID: 2100000, guid: e34b8144b834e52458686bfb947ba14d, type: 2}
    - target: {fileID: 4766088075755587186, guid: 4b95813ef90f4f646b6bb5ce437253e6,
        type: 3}
      propertyPath: m_Materials.Array.data[0]
      value: 
      objectReference: {fileID: 2100000, guid: e34b8144b834e52458686bfb947ba14d, type: 2}
    - target: {fileID: 5298438587054302789, guid: 4b95813ef90f4f646b6bb5ce437253e6,
        type: 3}
      propertyPath: m_Materials.Array.data[0]
      value: 
      objectReference: {fileID: 2100000, guid: e34b8144b834e52458686bfb947ba14d, type: 2}
    - target: {fileID: 5388548536419733838, guid: 4b95813ef90f4f646b6bb5ce437253e6,
        type: 3}
      propertyPath: m_Materials.Array.data[0]
      value: 
      objectReference: {fileID: 2100000, guid: e34b8144b834e52458686bfb947ba14d, type: 2}
    - target: {fileID: 6217555510413665563, guid: 4b95813ef90f4f646b6bb5ce437253e6,
        type: 3}
      propertyPath: m_Materials.Array.data[0]
      value: 
      objectReference: {fileID: 2100000, guid: e34b8144b834e52458686bfb947ba14d, type: 2}
    - target: {fileID: 7684987995057569315, guid: 4b95813ef90f4f646b6bb5ce437253e6,
        type: 3}
      propertyPath: m_Materials.Array.data[0]
      value: 
      objectReference: {fileID: 2100000, guid: e34b8144b834e52458686bfb947ba14d, type: 2}
    - target: {fileID: 8219135218232694128, guid: 4b95813ef90f4f646b6bb5ce437253e6,
        type: 3}
      propertyPath: m_Materials.Array.data[0]
      value: 
      objectReference: {fileID: 2100000, guid: e34b8144b834e52458686bfb947ba14d, type: 2}
    m_RemovedComponents: []
  m_SourcePrefab: {fileID: 100100000, guid: 4b95813ef90f4f646b6bb5ce437253e6, type: 3}
--- !u!4 &1226031760 stripped
Transform:
  m_CorrespondingSourceObject: {fileID: -4216859302048453862, guid: 4b95813ef90f4f646b6bb5ce437253e6,
    type: 3}
  m_PrefabInstance: {fileID: 1226031759}
  m_PrefabAsset: {fileID: 0}
--- !u!1 &1692164348
GameObject:
  m_ObjectHideFlags: 0
  m_CorrespondingSourceObject: {fileID: 0}
  m_PrefabInstance: {fileID: 0}
  m_PrefabAsset: {fileID: 0}
  serializedVersion: 6
  m_Component:
  - component: {fileID: 1692164350}
  - component: {fileID: 1692164349}
  m_Layer: 0
  m_Name: Directional Light
  m_TagString: Untagged
  m_Icon: {fileID: 0}
  m_NavMeshLayer: 0
  m_StaticEditorFlags: 0
  m_IsActive: 1
--- !u!108 &1692164349
Light:
  m_ObjectHideFlags: 0
  m_CorrespondingSourceObject: {fileID: 0}
  m_PrefabInstance: {fileID: 0}
  m_PrefabAsset: {fileID: 0}
  m_GameObject: {fileID: 1692164348}
  m_Enabled: 1
  serializedVersion: 9
  m_Type: 1
  m_Color: {r: 1, g: 1, b: 1, a: 1}
  m_Intensity: 0.6
  m_Range: 10
  m_SpotAngle: 30
  m_InnerSpotAngle: 21.80208
  m_CookieSize: 10
  m_Shadows:
    m_Type: 0
    m_Resolution: 3
    m_CustomResolution: -1
    m_Strength: 0.272
    m_Bias: 0.05
    m_NormalBias: 0
    m_NearPlane: 0.1
    m_CullingMatrixOverride:
      e00: 1
      e01: 0
      e02: 0
      e03: 0
      e10: 0
      e11: 1
      e12: 0
      e13: 0
      e20: 0
      e21: 0
      e22: 1
      e23: 0
      e30: 0
      e31: 0
      e32: 0
      e33: 1
    m_UseCullingMatrixOverride: 0
  m_Cookie: {fileID: 0}
  m_DrawHalo: 0
  m_Flare: {fileID: 0}
  m_RenderMode: 0
  m_CullingMask:
    serializedVersion: 2
    m_Bits: 4294967295
  m_RenderingLayerMask: 1
  m_Lightmapping: 4
  m_LightShadowCasterMode: 0
  m_AreaSize: {x: 1, y: 1}
  m_BounceIntensity: 1
  m_ColorTemperature: 6570
  m_UseColorTemperature: 0
  m_BoundingSphereOverride: {x: 0, y: 0, z: 0, w: 0}
  m_UseBoundingSphereOverride: 0
  m_ShadowRadius: 0
  m_ShadowAngle: 0
--- !u!4 &1692164350
Transform:
  m_ObjectHideFlags: 0
  m_CorrespondingSourceObject: {fileID: 0}
  m_PrefabInstance: {fileID: 0}
  m_PrefabAsset: {fileID: 0}
  m_GameObject: {fileID: 1692164348}
  m_LocalRotation: {x: 0.7071068, y: 0, z: 0, w: 0.7071068}
  m_LocalPosition: {x: 0, y: 3, z: 0}
  m_LocalScale: {x: 1, y: 1, z: 1}
  m_Children: []
  m_Father: {fileID: 1763201128}
  m_RootOrder: 1
  m_LocalEulerAnglesHint: {x: 90, y: 0, z: 0}
--- !u!1 &1763201127
GameObject:
  m_ObjectHideFlags: 0
  m_CorrespondingSourceObject: {fileID: 0}
  m_PrefabInstance: {fileID: 0}
  m_PrefabAsset: {fileID: 0}
  serializedVersion: 6
  m_Component:
  - component: {fileID: 1763201128}
  m_Layer: 0
  m_Name: SceneConfig
  m_TagString: ConfiguratorRoot
  m_Icon: {fileID: 0}
  m_NavMeshLayer: 0
  m_StaticEditorFlags: 0
  m_IsActive: 1
--- !u!4 &1763201128
Transform:
  m_ObjectHideFlags: 0
  m_CorrespondingSourceObject: {fileID: 0}
  m_PrefabInstance: {fileID: 0}
  m_PrefabAsset: {fileID: 0}
  m_GameObject: {fileID: 1763201127}
  m_LocalRotation: {x: 0, y: 0, z: 0, w: 1}
  m_LocalPosition: {x: 0, y: 0, z: 0}
  m_LocalScale: {x: 1, y: 1, z: 1}
  m_Children:
  - {fileID: 180363486}
  - {fileID: 1692164350}
  - {fileID: 2114141550}
  - {fileID: 1192142842}
  m_Father: {fileID: 0}
  m_RootOrder: 0
  m_LocalEulerAnglesHint: {x: 0, y: 0, z: 0}
--- !u!1001 &1817870996
PrefabInstance:
  m_ObjectHideFlags: 0
  serializedVersion: 2
  m_Modification:
    m_TransformParent: {fileID: 382797680}
    m_Modifications:
    - target: {fileID: -927199367670048503, guid: 59786decd1f79b241ba8342ef72327da,
        type: 3}
      propertyPath: m_Name
      value: Royce_Ottoman
      objectReference: {fileID: 0}
    - target: {fileID: -8345358864540106591, guid: 59786decd1f79b241ba8342ef72327da,
        type: 3}
      propertyPath: m_Materials.Array.data[0]
      value: 
      objectReference: {fileID: 2100000, guid: e34b8144b834e52458686bfb947ba14d, type: 2}
    - target: {fileID: -4216859302048453862, guid: 59786decd1f79b241ba8342ef72327da,
        type: 3}
      propertyPath: m_LocalPosition.x
      value: 0.18848813
      objectReference: {fileID: 0}
    - target: {fileID: -4216859302048453862, guid: 59786decd1f79b241ba8342ef72327da,
        type: 3}
      propertyPath: m_LocalPosition.y
      value: -0.07432693
      objectReference: {fileID: 0}
    - target: {fileID: -4216859302048453862, guid: 59786decd1f79b241ba8342ef72327da,
        type: 3}
      propertyPath: m_LocalPosition.z
      value: 0.8487735
      objectReference: {fileID: 0}
    - target: {fileID: -4216859302048453862, guid: 59786decd1f79b241ba8342ef72327da,
        type: 3}
      propertyPath: m_LocalRotation.x
      value: 0.000000021855694
      objectReference: {fileID: 0}
    - target: {fileID: -4216859302048453862, guid: 59786decd1f79b241ba8342ef72327da,
        type: 3}
      propertyPath: m_LocalRotation.y
      value: -0
      objectReference: {fileID: 0}
    - target: {fileID: -4216859302048453862, guid: 59786decd1f79b241ba8342ef72327da,
        type: 3}
      propertyPath: m_LocalRotation.z
      value: -0
      objectReference: {fileID: 0}
    - target: {fileID: -4216859302048453862, guid: 59786decd1f79b241ba8342ef72327da,
        type: 3}
      propertyPath: m_LocalRotation.w
      value: 1
      objectReference: {fileID: 0}
    - target: {fileID: -4216859302048453862, guid: 59786decd1f79b241ba8342ef72327da,
        type: 3}
      propertyPath: m_RootOrder
      value: 4
      objectReference: {fileID: 0}
    - target: {fileID: -4216859302048453862, guid: 59786decd1f79b241ba8342ef72327da,
        type: 3}
      propertyPath: m_LocalEulerAnglesHint.x
      value: 0
      objectReference: {fileID: 0}
    - target: {fileID: -4216859302048453862, guid: 59786decd1f79b241ba8342ef72327da,
        type: 3}
      propertyPath: m_LocalEulerAnglesHint.y
      value: 0
      objectReference: {fileID: 0}
    - target: {fileID: -4216859302048453862, guid: 59786decd1f79b241ba8342ef72327da,
        type: 3}
      propertyPath: m_LocalEulerAnglesHint.z
      value: 0
      objectReference: {fileID: 0}
    - target: {fileID: -3126059248922351784, guid: 59786decd1f79b241ba8342ef72327da,
        type: 3}
      propertyPath: m_Materials.Array.data[0]
      value: 
      objectReference: {fileID: 2100000, guid: e34b8144b834e52458686bfb947ba14d, type: 2}
    - target: {fileID: -2734729393589135889, guid: 59786decd1f79b241ba8342ef72327da,
        type: 3}
      propertyPath: m_LocalRotation.z
      value: -0.7071068
      objectReference: {fileID: 0}
    - target: {fileID: -2734729393589135889, guid: 59786decd1f79b241ba8342ef72327da,
        type: 3}
      propertyPath: m_LocalRotation.w
      value: 0.7071068
      objectReference: {fileID: 0}
    - target: {fileID: -2734729393589135889, guid: 59786decd1f79b241ba8342ef72327da,
        type: 3}
      propertyPath: m_LocalEulerAnglesHint.z
      value: -90
      objectReference: {fileID: 0}
    - target: {fileID: 2625986396348679275, guid: 59786decd1f79b241ba8342ef72327da,
        type: 3}
      propertyPath: m_Materials.Array.data[0]
      value: 
      objectReference: {fileID: 2100000, guid: e3e383409810a8e49b6c43500cc1cfcc, type: 2}
    - target: {fileID: 2658126950168145629, guid: 59786decd1f79b241ba8342ef72327da,
        type: 3}
      propertyPath: m_Materials.Array.data[0]
      value: 
      objectReference: {fileID: 2100000, guid: e34b8144b834e52458686bfb947ba14d, type: 2}
    - target: {fileID: 3896888298282220809, guid: 59786decd1f79b241ba8342ef72327da,
        type: 3}
      propertyPath: m_Materials.Array.data[0]
      value: 
      objectReference: {fileID: 2100000, guid: e3e383409810a8e49b6c43500cc1cfcc, type: 2}
    - target: {fileID: 6247801671636380659, guid: 59786decd1f79b241ba8342ef72327da,
        type: 3}
      propertyPath: m_Materials.Array.data[0]
      value: 
      objectReference: {fileID: 2100000, guid: e34b8144b834e52458686bfb947ba14d, type: 2}
    - target: {fileID: 7324600837441282689, guid: 59786decd1f79b241ba8342ef72327da,
        type: 3}
      propertyPath: m_Materials.Array.data[0]
      value: 
      objectReference: {fileID: 2100000, guid: e34b8144b834e52458686bfb947ba14d, type: 2}
    m_RemovedComponents: []
  m_SourcePrefab: {fileID: 100100000, guid: 59786decd1f79b241ba8342ef72327da, type: 3}
--- !u!4 &1817870997 stripped
Transform:
  m_CorrespondingSourceObject: {fileID: -4216859302048453862, guid: 59786decd1f79b241ba8342ef72327da,
    type: 3}
  m_PrefabInstance: {fileID: 1817870996}
  m_PrefabAsset: {fileID: 0}
--- !u!1 &2114141546
GameObject:
  m_ObjectHideFlags: 0
  m_CorrespondingSourceObject: {fileID: 0}
  m_PrefabInstance: {fileID: 0}
  m_PrefabAsset: {fileID: 0}
  serializedVersion: 6
  m_Component:
  - component: {fileID: 2114141550}
  - component: {fileID: 2114141549}
  - component: {fileID: 2114141548}
  - component: {fileID: 2114141547}
  m_Layer: 0
  m_Name: PlaneFloor
  m_TagString: Untagged
  m_Icon: {fileID: 0}
  m_NavMeshLayer: 0
  m_StaticEditorFlags: 4294967295
  m_IsActive: 1
--- !u!64 &2114141547
MeshCollider:
  m_ObjectHideFlags: 0
  m_CorrespondingSourceObject: {fileID: 0}
  m_PrefabInstance: {fileID: 0}
  m_PrefabAsset: {fileID: 0}
  m_GameObject: {fileID: 2114141546}
  m_Material: {fileID: 0}
  m_IsTrigger: 0
  m_Enabled: 1
  serializedVersion: 3
  m_Convex: 0
  m_CookingOptions: 14
  m_Mesh: {fileID: 10209, guid: 0000000000000000e000000000000000, type: 0}
--- !u!23 &2114141548
MeshRenderer:
  m_ObjectHideFlags: 0
  m_CorrespondingSourceObject: {fileID: 0}
  m_PrefabInstance: {fileID: 0}
  m_PrefabAsset: {fileID: 0}
  m_GameObject: {fileID: 2114141546}
  m_Enabled: 1
  m_CastShadows: 1
  m_ReceiveShadows: 1
  m_DynamicOccludee: 1
  m_MotionVectors: 1
  m_LightProbeUsage: 1
  m_ReflectionProbeUsage: 1
  m_RenderingLayerMask: 1
  m_RendererPriority: 0
  m_Materials:
  - {fileID: 2100000, guid: f287869e037561d4eb0d3aa6e5a4b75b, type: 2}
  m_StaticBatchInfo:
    firstSubMesh: 0
    subMeshCount: 0
  m_StaticBatchRoot: {fileID: 0}
  m_ProbeAnchor: {fileID: 0}
  m_LightProbeVolumeOverride: {fileID: 0}
  m_ScaleInLightmap: 1
  m_ReceiveGI: 1
  m_PreserveUVs: 0
  m_IgnoreNormalsForChartDetection: 0
  m_ImportantGI: 0
  m_StitchLightmapSeams: 0
  m_SelectedEditorRenderState: 3
  m_MinimumChartSize: 4
  m_AutoUVMaxDistance: 0.5
  m_AutoUVMaxAngle: 89
  m_LightmapParameters: {fileID: 0}
  m_SortingLayerID: 0
  m_SortingLayer: 0
  m_SortingOrder: 0
--- !u!33 &2114141549
MeshFilter:
  m_ObjectHideFlags: 0
  m_CorrespondingSourceObject: {fileID: 0}
  m_PrefabInstance: {fileID: 0}
  m_PrefabAsset: {fileID: 0}
  m_GameObject: {fileID: 2114141546}
  m_Mesh: {fileID: 10209, guid: 0000000000000000e000000000000000, type: 0}
--- !u!4 &2114141550
Transform:
  m_ObjectHideFlags: 0
  m_CorrespondingSourceObject: {fileID: 0}
  m_PrefabInstance: {fileID: 0}
  m_PrefabAsset: {fileID: 0}
  m_GameObject: {fileID: 2114141546}
  m_LocalRotation: {x: -0, y: -0, z: -0, w: 1}
  m_LocalPosition: {x: 0, y: 0, z: 0}
  m_LocalScale: {x: 10, y: 1, z: 10}
  m_Children: []
  m_Father: {fileID: 1763201128}
  m_RootOrder: 2
  m_LocalEulerAnglesHint: {x: 0, y: 0, z: 0}
